2892 4056
439 193 513 239 390
1123 191 1387 237 QUAESTIO
1417 192 1518 237 LIII,
1550 191 1844 228 ART1CULUS
1874 192 1905 227 11

295 278 310 300 η
438 268 533 304 ciem
573 269 772 317 sacrilegii3
819 270 912 306 alius
941 268 1094 318 quando
1124 281 1202 305 non
1230 269 1342 305 debet
1361 274 1379 296 η
1402 281 1489 317 pro-

435 328 518 368 pter
537 323 662 359 solum
691 323 937 370 superfluum‘
954 321 1163 370 appetitum
1186 321 1364 368 habendi,
1385 321 1489 369 quod

437 381 533 409 esset
565 374 723 423 simplex
752 374 917 413 avaritia.
965 375 1013 409 Et
1040 373 1126 410 ideo
1157 373 1323 410 defectus
1357 386 1489 410 eorum

1543 321 1689 369 species
1726 321 1796 357 nisi
1835 329 2020 369 quatenus
2058 322 2279 360 ordinantur
2313 325 2361 362 ad
2399 325 2569 363 diversos
2590 323 2603 346 θ
2730 322 2742 347 ⁰

1544 381 1650 410 actus
1678 373 1845 420 rationis,
1874 381 1916 410 ut
1945 373 2086 411 dictum
2117 382 2173 411 est
2190 375 2221 412 *.
2632 374 2801 402 '¹³⁰⁰'⁹⁰“·

488 489 515 521 η)
535 489 617 514 debet.
634 501 653 508 —
672 489 776 513 deberet
794 489 824 513 K.
1597 486 1621 519 Θ)
1641 487 1678 512 ad
1696 487 1824 512 diversos.
1843 502 1861 506 —
1879 488 1940 513 Om.
1960 488 2114 520 ACEFLpK
2133 479 2159 513 et
2176 495 2245 519 mun
2264 488 2384 514 diversos
2401 497 2455 515 om.
2474 490 2514 515 ΡΙ.

1109 564 1438 597 Commentaria
1461 564 1708 598 Car-clinans
1731 565 1928 599 Caietam

270 911 333 930 .xru,
340 911 362 926 n.
369 905 390 927 8.
397 915 407 921 -

197 932 220 953 S.
231 932 250 952 Τ
269 947 274 953 .
291 932 340 953 lect.
356 937 388 952 xx.

197 1481 205 1489 ⁸
220 1479 277 1500 lbid.

465 656 484 676 N
508 646 639 676 articulo
663 646 801 676 secundo
818 646 959 676 eiusdem
983 644 1176 685 quaestionis
1196 644 1495 684 quinquagesimae-

438 658 570 720 Itertiae
594 689 727 719 dubium
751 690 895 725 occurrit,
919 689 951 718 in
975 698 1108 728 corpore
1132 688 1263 722 articuli,
1289 688 1370 718 circa
1392 688 1488 718 illud:

433 733 607 763 Prudentia
624 734 842 773 participatur
855 732 1084 773 quodammodo
1101 733 1132 762 in
1149 732 1292 762 omnibus
1311 731 1490 769 virtutibus,

434 778 619 817 inquantum
651 782 697 807 est
725 777 877 808 directiva
909 786 1031 807 earum.
1061 776 1195 806 Videtur
1225 776 1310 806 enim
1339 775 1401 805 hoc
1424 785 1491 806 esse

433 820 562 850 falsum:
588 830 661 850 cum
683 830 741 851 nec
763 820 987 851 intellectuales
1006 820 1135 850 virtutes
1159 829 1216 850 nec
1231 819 1425 859 theologales
1445 819 1491 849 di-

433 864 572 903 rigantur
594 874 612 893 a
634 864 811 904 prudentia.
834 865 875 894 Et
898 864 936 894 de
959 863 1223 895 intellectualibus
1254 863 1384 904 quidem
1407 869 1493 903 patet

433 908 474 938 VI
497 908 599 938 Ethic.
615 907 633 926 *
654 908 702 938 De
725 907 959 948 theologalibus
982 915 1089 938 autem
1113 914 1198 947 patet
1221 917 1258 938 ex
1281 917 1319 938 eo
1339 907 1429 948 quod
1445 917 1492 937 ca-

432 951 505 981 ritas
522 957 567 981 est
590 951 693 982 forma
707 952 855 982 omnium
877 952 1042 988 virtutum,
1060 951 1196 992 dirigens
1219 961 1332 982 omnes
1347 951 1379 981 in
1394 950 1491 981 finem

432 994 598 1034 proprium
621 995 721 1036 ipsius
745 995 889 1026 caritatis.

484 1039 534 1068 Ad
551 1038 612 1069 hoc
630 1039 743 1070 dicitur
757 1040 846 1080 quod
863 1038 1039 1079 prudentia,
1058 1039 1130 1070 licet
1151 1038 1370 1075 diversimode,
1384 1045 1490 1069 tamen

432 1083 577 1112 omnium
591 1083 744 1114 virtutum
765 1090 852 1114 actus
871 1083 984 1123 dirigit.
1009 1083 1110 1114 Cuius
1133 1083 1212 1114 ratio
1228 1083 1261 1113 in
1275 1083 1377 1114 littera
1391 1082 1490 1122 tangi—

430 1133 495 1156 tur:
519 1126 595 1166 quia
617 1127 734 1158 scilicet
756 1127 789 1158 in
813 1127 901 1158 omni
926 1134 996 1158 actu
1019 1127 1143 1158 virtutis
1167 1133 1294 1167 oportet
1317 1133 1423 1157 actum
1442 1136 1489 1155 ra-

430 1169 525 1200 tionis
549 1170 688 1211 aliquem
711 1172 749 1201 ad
773 1171 973 1211 prudentiam
996 1178 1199 1211 spectantem,
1223 1177 1300 1211 puta
1324 1169 1490 1205 consiliari,

430 1213 567 1244 iudicare
590 1215 640 1246 vel
663 1215 853 1256 praecipere,
877 1221 998 1245 rectum
1022 1223 1221 1251 concurrere;
1246 1214 1326 1244 sicut
1349 1214 1381 1250 in
1401 1212 1490 1243 omni

431 1264 503 1288 actu
526 1258 592 1288 vitii
609 1258 768 1290 defectum
784 1259 917 1290 alicuius
933 1268 1046 1289 eorum
1070 1265 1194 1299 oportet
1208 1257 1405 1289 intervenire.
1430 1257 1491 1287 Ve-

430 1311 503 1332 rum
526 1302 600 1342 quia
615 1309 702 1333 actus
725 1303 854 1334 rationis
870 1302 1054 1333 huiusmodi
1078 1309 1219 1342 respectu
1237 1302 1415 1343 aliquarum
1430 1300 1490 1330 vir-

430 1352 546 1382 tutum,
564 1353 641 1386 puta
657 1347 828 1378 moralium
840 1353 870 1377 et
885 1347 967 1383 artis,
980 1346 1211 1386 principantur;
1227 1353 1369 1386 respectu
1383 1351 1490 1375 autem

431 1390 619 1430 aliquarum,
643 1397 679 1421 ut
701 1391 961 1421 intellectualium
984 1390 1178 1431 reliquarum
1203 1397 1234 1420 et
1248 1389 1489 1430 theologalium,

431 1433 625 1464 famulantur
648 1441 679 1465 et
701 1435 887 1471 ministrant,
908 1442 944 1466 ut
966 1434 1108 1465 medicus
1131 1434 1265 1470 sanitati,
1282 1434 1491 1475 quemadmo-

432 1478 510 1508 dum
533 1478 564 1508 in
589 1479 630 1509 VI
653 1479 756 1510 Ethic.
772 1479 789 1498 *
804 1479 930 1515 dicitur;
954 1478 1070 1509 idcirco
1094 1489 1168 1509 curn
1192 1478 1373 1509 excellentia
1396 1478 1491 1508 dicta-

431 1531 504 1552 rum
526 1522 680 1553 virtutum
703 1530 763 1554 stat
785 1524 873 1563 quod
897 1523 1070 1562 dirigantur
1093 1533 1110 1553 a
1126 1522 1301 1563 prudentia.
1325 1521 1492 1552 Manifesta

432 1573 539 1596 autem
562 1573 609 1597 est
631 1566 759 1598 directio
783 1567 930 1597 omnium
954 1567 1061 1607 quoad
1084 1573 1172 1597 actus
1196 1564 1392 1597 exercitium:
1416 1576 1491 1606 pru-

433 1609 533 1640 dentis
557 1610 714 1651 siquidem
738 1618 784 1642 est
806 1611 980 1641 discernere
1004 1621 1069 1641 non
1098 1611 1204 1641 solum
1227 1611 1356 1651 quando
1380 1619 1491 1650 specu-

431 1654 564 1684 landum
589 1661 635 1685 est
658 1662 687 1686 et
711 1655 866 1685 utendum
889 1654 947 1685 hac
970 1655 1020 1685 vel
1042 1654 1095 1684 illa
1116 1654 1231 1685 virtute
1256 1653 1368 1685 morali
1391 1661 1422 1684 et
1443 1654 1490 1684 in-

431 1698 610 1734 tellectuali,
627 1699 682 1728 sed
697 1698 791 1729 etiam
807 1698 996 1738 theologica.
1020 1699 1094 1728 Non
1114 1699 1199 1728 enim
1222 1708 1346 1738 semper
1362 1704 1409 1728 est
1419 1704 1491 1728 actu

432 1741 535 1772 elicito
559 1742 713 1772 amandus
736 1743 832 1778 Deus,
857 1752 915 1773 nec
938 1752 1062 1782 semper
1080 1742 1195 1773 actuali
1218 1752 1346 1773 assensu
1363 1742 1490 1772 creden-

433 1786 526 1815 dum:
551 1786 605 1816 sed
629 1792 755 1825 oportet
777 1786 845 1816 aliis
868 1787 1062 1826 quandoque
1085 1787 1246 1817 intendere
1270 1786 1439 1822 actualiter,
1460 1793 1491 1816 et

432 1829 573 1869 quietem
595 1830 634 1860 ab
658 1830 747 1860 omni
769 1837 839 1861 actu
863 1830 986 1861 virtutis
1009 1829 1122 1870 eligere
1145 1830 1348 1871 quandoque,
1365 1830 1440 1860 dum
1457 1831 1488 1860 in

432 1883 564 1913 corpore
585 1874 644 1904 hoc
659 1875 923 1915 peregrinamur.
948 1874 1145 1904 Huiusmodi
1169 1880 1276 1904 autem
1298 1873 1489 1904 vicissitudi-

432 1927 487 1947 nes
510 1917 569 1947 nisi
592 1918 758 1957 prudentia
781 1919 949 1958 dispenset,
974 1918 1147 1949 errabimus
1170 1928 1273 1959 saepe,
1291 1924 1321 1948 et
1335 1918 1436 1948 multa
1451 1919 1489 1948 ad

432 1971 514 2002 quae
537 1968 681 1992 tenemur
695 1962 879 1993 omittemus
895 1963 989 1998 bona,
1007 1962 1190 2002 simpliciter
1204 1962 1254 1992 vel
1276 1969 1420 2002 tempore
1436 1962 1489 1992 de-

432 2005 515 2042 bito;
540 2005 618 2036 dum
640 2012 766 2046 tempus
782 2006 1014 2037 misericordiae
1031 2006 1258 2046 occupabimus
1275 2006 1418 2037 oratione
1441 2006 1491 2037 vel

433 2059 449 2079 e
473 2059 636 2086 converso,
653 2057 683 2081 et
706 2057 832 2091 tempus
848 2050 1006 2087 audiendi,
1031 2051 1228 2091 providendi,
1244 2050 1404 2091 vigilandi,
1421 2057 1490 2087 etc„

433 2094 660 2133 occupabimus
688 2095 955 2135 contemplatione
985 2095 1177 2134 speculativa
1206 2095 1256 2125 vel
1286 2105 1302 2125 e
1325 2105 1489 2131 converso,

432 2144 462 2168 et
485 2137 529 2167 sic
552 2138 589 2168 de
613 2137 690 2168 aliis.

485 2182 520 2212 11.
546 2182 580 2211 ln
603 2181 807 2222 responsione
831 2182 870 2212 ad
893 2181 1021 2212 tertium
1044 2182 1186 2212 eiusdem
1209 2182 1331 2214 articuli
1356 2181 1490 2212 dubium

432 2223 575 2261 occurrit,
600 2225 766 2266 quomodo
790 2225 966 2256 verificatur
989 2227 1078 2267 quod
1101 2227 1230 2267 quando
1260 2226 1422 2267 corruptio
1445 2226 1489 2256 di-

431 2279 592 2300 versarum
616 2270 919 2301 circumstantiarum
942 2270 1036 2301 habet
1058 2271 1143 2300 idem
1166 2271 1334 2307 motivum,
1355 2280 1421 2301 non
1444 2270 1490 2300 di-

431 2313 622 2344 versificatur
645 2313 762 2353 species
786 2314 921 2354 peccati:
946 2324 985 2344 an
1009 2314 1126 2345 scilicet
1147 2314 1339 2354 intelligatur
1362 2315 1400 2345 de
1423 2324 1491 2344 mo—

432 2358 497 2387 tivo
521 2358 693 2397 peccantis;
718 2368 758 2387 an
781 2358 819 2388 de
842 2357 964 2388 motivo
988 2358 1107 2397 peccati
1130 2359 1306 2389 secundum
1322 2367 1367 2394 se;
1392 2368 1431 2388 an
1452 2359 1490 2388 de

433 2408 582 2441 utroque.
606 2401 638 2431 Si
661 2411 799 2441 namque
827 2401 1010 2441 intelligitur
1039 2403 1077 2432 de
1101 2402 1222 2432 motivo
1253 2402 1419 2443 peccantis,
1444 2412 1489 2432 se-

433 2452 582 2486 queretur
604 2446 692 2485 quod
722 2455 915 2485 cognoscens
943 2455 1114 2476 non-suam
1141 2446 1173 2475 in
1197 2446 1341 2482 ecclesia,
1366 2456 1431 2476 non
1455 2453 1491 2476 ut

433 2489 580 2519 iniuriam
596 2488 687 2519 faciat
701 2489 773 2519 loco
797 2499 894 2525 sacro,
920 2490 974 2519 sed
990 2499 1026 2519 ex
1050 2490 1117 2520 sola
1132 2490 1261 2520 libidine
1277 2489 1489 2529 cognoscendi

432 2533 519 2563 illam
534 2532 576 2562 ibi
592 2533 740 2568 oblatam,
757 2543 822 2563 non
846 2539 925 2563 esset
941 2533 1118 2573 sacrilegus.
1132 2551 1151 2555 —
1170 2533 1202 2565 Si
1217 2543 1292 2564 vero
1307 2534 1490 2573 intelligitur
1514 2557 1516 2564 .

433 2577 471 2606 de
494 2576 615 2607 motivo
632 2576 749 2616 peccati
772 2577 948 2607 secundum
965 2587 1007 2613 se,
1023 2584 1205 2618 sequeretur
1220 2578 1308 2618 quod
1324 2578 1411 2608 nulla
1431 2578 1488 2608 cir-

433 2620 619 2651 cumstantia
642 2630 784 2661 unquam
806 2620 939 2651 variaret
962 2621 1100 2661 speciem
1130 2622 1263 2661 peccati:
1295 2622 1371 2663 quia
1401 2621 1488 2652 nulla

432 2664 664 2695 circumstantia
687 2664 780 2694 habet
802 2664 956 2695 rationem
979 2665 1090 2695 motivi
1114 2666 1289 2696 secundum
1313 2676 1345 2696 se
1369 2665 1401 2695 in
1417 2676 1488 2705 pec-

432 2715 512 2739 cato.
537 2708 660 2738 Habere
684 2718 823 2748 namque
845 2709 999 2739 rationem
1026 2709 1137 2739 motivi
1161 2716 1207 2740 est
1231 2719 1297 2740 esse
1328 2709 1488 2740 obiectum

432 2762 487 2782 seu
503 2751 615 2782 finem:
634 2759 663 2783 et
679 2752 738 2782 nisi
755 2752 986 2783 circumstantia
1002 2757 1136 2784 transeat
1152 2753 1184 2783 in
1201 2753 1357 2784 rationem
1373 2753 1487 2784 obiecti
1513 2746 1515 2780 ἶ

432 2805 486 2826 seu
510 2795 591 2832 finis,
615 2806 781 2837 nunquam
803 2796 896 2827 habet
918 2797 1073 2827 rationem
1097 2797 1218 2828 motivi‚
1245 2797 1488 2828 Circumstantia
1513 2809 1515 2813 ’

432 2846 537 2870 autem
562 2846 657 2876 actus,
682 2847 758 2880 puta
781 2840 879 2876 locus,
897 2850 1063 2881 nunquam
1086 2841 1195 2871 transit
1217 2841 1249 2871 in
1268 2841 1428 2872 obiectum
1451 2851 1488 2871 ex

432 2889 519 2923 parte
542 2890 629 2914 actus
652 2884 779 2934 peccati,
804 2885 858 2914 sed
881 2894 918 2914 ex
941 2891 1027 2924 parte
1050 2885 1221 2925 peccantis:
1246 2885 1321 2926 quia
1334 2885 1419 2916 illius
1442 2891 1488 2916 est

433 2927 678 2964 circumstantia;
695 2928 783 2958 istius
796 2935 902 2959 autem
918 2935 1021 2968 potest
1037 2939 1103 2959 esse
1115 2929 1318 2960 obiectumoe
1333 2929 1365 2960 Si
1381 2935 1488 2960 autem
1513 2950 1514 2957 1

1513 2970 1515 2998 ῗ
1541 2979 1571 3003 et
1594 2979 1797 3013 praeceptum
1827 2973 1865 3003 de
1895 2972 2011 3003 iniusta
2037 2971 2241 3012 percussione
2269 2971 2371 3002 clerici
2402 2971 2442 3002 ad
2471 2971 2600 3002 unicam

432 2970 622 3010 intelligatur
650 2971 687 3001 de
710 2971 831 3002 motivo
855 2982 891 3002 ex
914 2979 1001 3012 parte
1026 2973 1207 3014 utriusque,
1232 2973 1375 3014 sequitur
1403 2973 1514 3005 idem

1545 644 1635 686 loqui
1659 645 1697 676 de
1712 646 1833 677 motivo
1850 647 2016 686 peccantis,
2034 647 2186 688 quoniam
2203 647 2345 687 exempla
2368 648 2421 679 dat
2437 649 2475 679 de
2494 649 2603 680 huius-

1545 690 1634 719 modi
1657 690 1794 726 motivis,
1819 691 1896 721 dum
1920 691 2003 727 dicit,
2028 695 2063 722 u't
2077 691 2207 732 faceret
2226 692 2377 722 iniuriam
2402 692 2469 723 loco
2491 701 2605 731 sacro,

1545 733 1723 763 secundum
1744 734 1906 765 veritatem
1929 741 2035 766 tamen
2058 735 2201 775 loquitur
2224 735 2262 765 de
2286 735 2407 766 motivo
2424 736 2604 767 universali-

1545 783 1600 813 ter,
1618 787 1824 818 quocumque
1841 778 1957 810 scilicet
1979 780 2078 810 modo
2102 779 2263 819 contingat
2278 789 2345 810 esse
2367 779 2536 811 motivum.
2561 780 2606 811 Ita

1545 822 1633 861 quod
1657 831 1767 852 sensus
1791 829 1837 852 est
1860 823 1948 863 quod
1968 824 2099 864 quando
2123 830 2169 854 est
2191 833 2293 853 unum
2309 823 2416 854 solum
2434 824 2603 860 motivum,

1544 872 1620 895 tunc
1643 865 1790 896 omnium
1815 866 2130 904 circumstantiarum,
2155 867 2272 898 scilicet
2294 868 2434 908 quando,
2458 868 2523 904 ubi,
2539 877 2604 904 cur,

1545 909 1631 949 quid,
1655 916 1724 946 etc„
1750 910 1921 950 corruptio,
1945 911 2040 942 unius
2064 918 2110 942 est
2125 911 2253 951 speciei:
2278 912 2408 952 quando
2422 921 2498 942 vero
2514 911 2605 952 plura

1545 960 1619 984 sunt
1641 954 1769 990 motiva,
1794 954 1857 985 sive
1881 965 1917 986 ex
1939 962 2026 995 parte
2050 955 2216 996 peccantis,
2234 961 2270 986 ut
2283 965 2358 986 cum
2381 955 2452 996 quis
2471 955 2604 986 fornica-

1544 1003 1595 1027 tur
1617 1004 1653 1028 ut
1675 997 1806 1035 furetur,
1823 998 1887 1029 sive
1909 1009 1947 1029 ex
1969 1005 2057 1039 parte
2080 1006 2209 1030 naturae
2225 999 2324 1039 ipsius
2342 999 2603 1036 circumstantiae,

1544 1051 1625 1081 quae
1648 1049 1721 1072 nata
1744 1048 1790 1072 est
1813 1041 1926 1072 habere
1948 1043 2116 1084 proprium
2138 1043 2297 1074 motivum
2319 1043 2350 1074 in
2375 1043 2480 1084 aliqua
2508 1050 2605 1074 mate-

1543 1085 1598 1120 ria,
1622 1091 1658 1115 ut
1681 1091 1766 1125 patet
1789 1085 1827 1116 de
1851 1086 2013 1125 speciebus
2037 1088 2128 1127 gulae
2151 1087 2327 1118 secundum
2358 1087 2605 1118 circumstantias

1544 1128 1714 1167 assignatas
1737 1129 1769 1158 in
1794 1129 1820 1158 1·
1844 1129 1907 1165 11⁸⁶,
1932 1140 1986 1170 qu.
2001 1140 2093 1167 Lxxn,
2118 1138 2173 1162 art.
2195 1142 2214 1171 9
2230 1131 2256 1168 *‚
2281 1131 2336 1162 ubi
2359 1131 2437 1162 haec
2460 1131 2604 1162 doctrina

1543 1172 1704 1210 fundatur,
1728 1172 1884 1202 distinctio
1908 1173 2080 1213 apponitur
2102 1174 2255 1214 specifica.

1596 1216 1637 1246 Et
1659 1216 1692 1245 in
1714 1215 1776 1247 hoc
1793 1226 1858 1246 non
1882 1223 1928 1246 est
1951 1216 2132 1248 difficultas:
2157 1218 2211 1248 sed
2227 1218 2368 1249 consistit
2389 1218 2555 1249 difficultas
2570 1219 2605 1249 in

1544 1259 1750 1290 discernendo
1779 1260 1908 1300 quando
1940 1261 2173 1292 circumstantia
2203 1261 2298 1292 habet
2318 1262 2486 1302 proprium
2508 1263 2603 1294 moti-

1542 1313 1629 1340 vum,
1648 1310 1677 1335 et
1693 1304 1822 1345 quando
1845 1313 1911 1334 non
1927 1304 2020 1335 habet
2043 1305 2129 1335 aliud
2153 1305 2310 1336 motivum
2326 1315 2424 1346 quam
2446 1305 2606 1337 motivum

1543 1355 1640 1378 actus.
1673 1347 1705 1378 Si
1734 1348 1805 1389 quis
1837 1358 1974 1389 namque
2005 1348 2168 1388 diligenter
2196 1349 2373 1380 consideret
2401 1349 2605 1380 circumstan-

1543 1392 1620 1423 tiam
1643 1392 1737 1432 quid‚
1762 1392 1988 1423 animadvertet
2019 1394 2108 1433 quod
2131 1403 2197 1423 non
2224 1392 2339 1424 sufficit
2367 1393 2407 1423 ad
2432 1393 2494 1424 hoc
2517 1393 2607 1434 quod

1544 1436 1776 1467 circumstantia
1789 1436 1903 1467 habeat
1921 1437 2055 1476 speciale
2078 1437 2246 1473 motivum,
2271 1437 2358 1467 illam
2377 1437 2554 1468 secundum
2569 1447 2602 1468 se

1544 1480 1666 1520 opponi
1690 1480 1777 1510 alteri
1800 1480 1921 1511 virtuti:
1946 1481 2001 1511 sed
2025 1481 2157 1521 exigitur
2180 1481 2269 1521 quod
2292 1481 2332 1511 sit
2345 1481 2460 1512 directe
2475 1481 2604 1513 intenta.

1544 1524 1678 1555 Constat
1693 1524 1779 1554 enim
1802 1525 1900 1565 quod,
1918 1525 2047 1564 quando
2071 1524 2142 1566 quis
2157 1524 2279 1556 inducit
2296 1525 2463 1556 mulierem
2478 1525 2517 1555 ad
2530 1534 2605 1556 con-

1543 1578 1672 1598 sensum
1695 1567 1920 1604 fornicationis,
1944 1585 1962 1591 ·-
1986 1568 2254 1600 circumstantiam
2277 1569 2354 1609 quid
2384 1579 2450 1600 esse
2479 1569 2606 1600 ruinam

1543 1613 1666 1643 animae
1680 1611 1764 1642 illius
1783 1612 1933 1648 mulieris,
1958 1618 1988 1642 et
2010 1613 2070 1643 tale
2093 1613 2215 1643 malum
2238 1613 2415 1644 secundum
2434 1623 2467 1643 se
2482 1612 2605 1653 opponi

1543 1657 1630 1686 bono
1648 1655 1848 1687 correctionis
1864 1655 2025 1693 fraternae,
2046 1663 2077 1687 et
2092 1657 2246 1697 pertinere
2261 1657 2301 1687 ad
2320 1656 2458 1687 scandali
2473 1657 2603 1688 vitium:

1543 1706 1574 1730 et
1588 1706 1694 1730 tamen
1718 1706 1806 1730 actus
1821 1700 2021 1740 requisitivus
2037 1706 2068 1731 et
2085 1700 2265 1731 inductivus
2288 1700 2429 1732 mulieris
2451 1701 2492 1731 ad
2507 1700 2604 1731 forni-

1543 1743 1673 1774 cationis
1704 1743 1853 1783 copulam
1883 1750 1930 1774 est
1951 1743 1984 1774 in
2007 1744 2111 1784 specie
2140 1744 2356 1775 fornicationis
2380 1751 2520 1781 tantum,
2544 1754 2603 1776 nec

1542 1787 1674 1818 trahitur
1689 1787 1727 1817 ad
1751 1787 1889 1828 speciem
1905 1787 2000 1821 etiam
2023 1788 2177 1824 scandali,
2201 1788 2241 1819 ad
2259 1798 2358 1829 quam
2380 1788 2553 1820 traheretur
2575 1789 2602 1819 si

1542 1831 1664 1862 malum
1679 1831 1797 1871 peccati
1819 1831 1960 1861 mulieris
1979 1838 2060 1862 esset
2075 1832 2188 1862 directe
2210 1832 2379 1863 intentum.
2391 1850 2413 1856 -
2431 1832 2472 1863 Et
2491 1842 2528 1862 ex
2545 1831 2605 1863 hac

1542 1876 1653 1906 eadem
1676 1875 1777 1905 radice
1796 1881 1925 1915 apparet
1940 1876 2028 1916 quod
2051 1885 2117 1906 non
2140 1875 2255 1907 sufficit
2278 1876 2373 1907 etiam
2389 1875 2541 1916 consequi
2564 1876 2605 1906 ad

1542 1919 1712 1960 principale
1735 1919 1893 1950 intentum
1909 1929 1945 1949 ex
1965 1926 2076 1950 natura
2099 1926 2196 1950 actus.
2220 1920 2325 1951 Ruina
2339 1929 2478 1960 namque
2493 1919 2606 1950 mulie—

1542 1963 1583 1994 ris
1607 1973 1643 1993 ex
1666 1970 1777 1994 natura
1799 1970 1887 1994 actus
1906 1963 2092 2004 requirentis
2116 1971 2146 1994 et
2169 1963 2359 1995 stimulantis
2382 1973 2454 1994 eam
2476 1964 2517 1994 ad
2538 1963 2603 1994 for-

1542 2008 1715 2038 nicandum
1743 2013 1816 2037 nata
1845 2013 1892 2038 est
1922 2007 2026 2047 sequi:
2051 2014 2082 2038 et
2104 2014 2210 2038 tamen
2239 2008 2314 2049 quia
2343 2007 2516 2039 fornicator
2537 2017 2604 2038 non

1542 2051 1675 2082 intendit
1698 2051 1757 2081 nisi
1778 2061 1853 2081 suae
1876 2050 2053 2082 satisfacere
2077 2051 2244 2092 voluptati,
2267 2051 2454 2083 huiusmodi
2480 2051 2604 2090 malum

1543 2105 1608 2126 non
1632 2095 1726 2126 habet
1749 2095 1904 2126 rationem
1933 2095 2055 2132 motivi‚
2081 2103 2110 2126 et
2135 2103 2365 2137 consequenter
2389 2105 2446 2126 nec
2469 2094 2602 2126 circum-

1544 2139 1673 2170 stantiae
1704 2139 1743 2169 ad
1773 2149 1864 2169 suam
1896 2139 2033 2179 speciem
2059 2139 2219 2170 trahentis.

1599 2183 1639 2214 Et
1669 2193 1706 2214 ex
1735 2183 1797 2214 hoc
1819 2189 1948 2223 apparet
1970 2183 2069 2224 quod,
2094 2193 2168 2214 cum
2191 2183 2231 2214 sit
2254 2183 2364 2214 eadem
2388 2182 2426 2214 de
2453 2181 2603 2213 omnibus

1544 2227 1784 2258 circumstantiis
1799 2227 1888 2263 ratio,
1904 2227 1944 2257 ad
1959 2226 2021 2257 hoc
2032 2227 2121 2267 quod
2136 2227 2368 2258 circumstantia
2382 2226 2484 2258 trahat
2495 2232 2602 2257 actum

1544 2271 1576 2301 in
1591 2281 1681 2301 suam
1698 2270 1844 2311 speciem,
1861 2270 1993 2310 exigitur
2004 2271 2092 2311 quod
2109 2271 2149 2301 sit
2163 2281 2220 2311 per
2231 2281 2263 2302 se
2275 2271 2394 2302 intenta
2408 2281 2426 2301 a
2443 2276 2602 2310 peccante.

1544 2317 1591 2345 Ac
1613 2325 1668 2354 per
1690 2315 1768 2351 hoc,
1792 2321 1868 2345 tunc
1892 2321 2015 2345 tanturn
2047 2314 2141 2345 habet
2170 2314 2402 2345 circumstantia
2437 2313 2603 2354 proprium

1544 2359 1703 2389 motivum
1733 2359 1862 2398 quando
1884 2358 1962 2388 illud
1987 2365 2033 2388 est
2061 2358 2219 2388 intentum
2242 2368 2297 2398 per
2320 2368 2353 2389 se
2374 2368 2392 2388 a
2407 2364 2566 2398 peccante.
2581 2374 2602 2381 —

1515 2412 1517 2428 ι’
1543 2403 1591 2432 Ex
1614 2403 1708 2433 altera
1731 2409 1838 2433 autem
1865 2409 1952 2442 parte
1976 2409 2105 2442 apparet
2128 2402 2324 2442 oppositum.
2364 2401 2526 2440 Quoniam
2554 2411 2601 2432 se-

1543 2453 1704 2486 queretur,
1730 2452 1765 2476 ut
1788 2445 1908 2476 dictum
1932 2451 1990 2481 est,
2015 2446 2104 2486 quod
2128 2446 2329 2477 committens
2352 2445 2542 2476 adulterium
2568 2444 2602 2476 in

1542 2490 1670 2520 ecclesia
1686 2489 1756 2520 solo
1775 2490 1917 2529 appetitu
1937 2499 2011 2519 suae
2028 2489 2235 2520 satisfaciendi
2251 2489 2417 2530 voluptati,
2437 2499 2503 2520 non
2522 2495 2603 2520 esset

1542 2534 1720 2574 sacrilegus.
1757 2533 1855 2570 Quod
1874 2533 2021 2563 omnium
2045 2543 2135 2564 aures
2159 2533 2298 2565 offendit.

1596 2578 1630 2607 ln
1654 2578 1716 2608 hoc
1740 2577 1838 2608 dubio
1861 2577 1993 2608 libenter
2023 2587 2124 2608 essem
2148 2577 2336 2618 discipulus:
2367 2577 2522 2618 quoniam
2545 2576 2601 2608 do-

1543 2631 1610 2652 cere
1633 2631 1690 2652 nec
1713 2631 1764 2652 me
1788 2631 1845 2651 nec
1869 2621 1947 2651 alios
1970 2621 2056 2652 novi.

1598 2666 1648 2696 ΙΙΙ.
1682 2666 1717 2695 In
1751 2666 1861 2696 eadem
1888 2665 2095 2705 responsione
2129 2666 2168 2695 ad
2197 2665 2340 2696 tertiumz
2359 2665 2483 2696 adverte
2511 2664 2601 2706 quod

1541 2709 1614 2740 licet
1636 2710 1758 2740 malum
1781 2708 1966 2745 consilium,
1991 2709 2113 2739 malum
2136 2709 2290 2740 iudicium
2314 2715 2344 2739 et
2366 2709 2489 2739 malum
2511 2717 2600 2749 prae-

1542 2760 1670 2794 ceptum
1693 2753 1925 2792 distinguantur
1948 2753 2051 2793 specie
2073 2752 2154 2783 infra
2176 2753 2305 2783 rationis
2329 2752 2462 2788 limites;
2486 2761 2522 2783 ac
2545 2761 2602 2792 per

1541 2797 1612 2833 hoc,
1638 2804 1673 2828 ut
1694 2797 1727 2827 in
1751 2797 1851 2827 littera
1874 2796 1996 2832 dicitur,
2021 2795 2160 2827 defectus
2177 2796 2398 2827 conditionum
2416 2795 2601 2836 prudentiae

1541 2851 1606 2871 non
1630 2841 1749 2871 faciunt
1771 2840 1982 2871 diversitatem
2003 2839 2181 2880 specificam
2203 2840 2263 2871 nisi
2285 2839 2460 2870 secundum
2483 2839 2602 2871 horum

1541 2885 1752 2915 diversitatem
1782 2891 1924 2921 actuum;
1956 2884 2043 2915 relati
2072 2890 2178 2914 tamen
2201 2884 2233 2914 hi
2257 2890 2343 2915 actus
2375 2883 2414 2914 ad
2436 2883 2600 2914 materiam

1541 2939 1639 2959 unam
1663 2928 1747 2959 sunt
1753 2928 1847 2959 unius
1871 2927 1994 2969 speciei.
2012 2928 2107 2959 Verbi
2125 2927 2232 2978 gratia,
2251 2927 2429 2963 consilium,
2445 2926 2600 2959 iudicium

433 3014 521 3054 quod
543 3014 576 3044 in
591 3014 694 3054 primo
711 3025 794 3046 casu.
819 3016 903 3053 Quia
918 3023 993 3047 tunc
1016 3017 1105 3047 locus
1129 3027 1195 3047 non
1216 3017 1311 3048 habet
1332 3017 1487 3047 rationem
1513 3018 1515 3048 ἔ
1540 3017 1678 3056 speciem
1700 3016 1849 3056 sacrilegii
1873 3023 2029 3056 spectant,
2054 3016 2143 3056 quod
2167 3022 2213 3046 est
2236 3015 2395 3046 motivum
2417 3015 2458 3046 ad
2480 3014 2599 3046 omnia.

434 3057 547 3088 obiecti
570 3065 711 3098 respectu
742 3066 829 3090 actus
859 3060 943 3090 illius
966 3061 1142 3091 secundum
1173 3070 1215 3097 se,
1239 3068 1275 3091 ut
1304 3067 1405 3101 patet·
1430 3071 1488 3092 nec
1513 3068 1515 3083 ³

1541 3061 1633 3091 Unde
1655 3060 1816 3101 percussio
1839 3060 1919 3097 talis,
1942 3060 2014 3090 licet
2032 3060 2206 3091 multarum
2229 3059 2269 3090 sit
2291 3059 2467 3100 specierum
2489 3058 2515 3089 si
2530 3068 2599 3099 spe-

432 3101 526 3131 habet
548 3101 702 3132 rationem
724 3103 837 3133 obiecti
860 3113 896 3134 ex
919 3110 1005 3144 parte
1027 3104 1194 3144 peccantis,
1209 3105 1284 3146 quia
1307 3115 1344 3135 ex
1363 3105 1429 3135 sola
1452 3103 1515 3137 1ἰ-Ι
1541 3104 1602 3135 cies
1625 3105 1807 3136 defectuum
1830 3104 1960 3135 rationis
1984 3103 2260 3135 connumerandae
2282 3110 2371 3140 sunt;
2395 3103 2471 3144 quia
2493 3109 2600 3133 tamen

433 3145 538 3175 bidine
561 3145 699 3176 mulieris
723 3153 877 3177 movetur.

486 3189 536 3219 Ad
558 3189 620 3220 hoc
644 3189 756 3220 dicitur
778 3191 865 3231 quod
895 3191 966 3221 licet
988 3191 1088 3231 prima
1116 3192 1194 3223 facie
1216 3192 1360 3223 videatur
1388 3191 1488 3223 littera

1540 3149 1658 3189 species
1680 3148 1810 3180 rationis
1833 3158 1899 3179 non
1923 3148 2074 3179 addunt’
2065 3159 2099 3178 111
2121 3147 2297 3184 infinitum,
2321 3147 2394 3178 ideo
2418 3156 2485 3177 non
2512 3156 2599 3178 com·

1541 3199 1691 3233 putantur
1714 3193 1794 3224 inter
1827 3192 2028 3233 exprimenda
2053 3192 2091 3223 de
2124 3191 2306 3223 necessitate
2329 3191 2362 3222 in
2389 3190 2596 3222 confessione.

2632 1131 2642 1142 ⁸
2655 1131 2712 1159 Arg.
2725 1137 2746 1161 3.
