2892 4056
981 166 1245 211 QUAEs‘rlo
1274 167 1395 214 XL11,

1068 275 1279 316 ARTICU
1287 275 1384 316 LUS

1423 167 1718 204 ARTICULUS
1748 168 1779 204 ll
2393 169 2439 205 32
2450 181 2463 204 1

1414 275 1712 316 SECUNDUS

819 364 976 397 UTRUM
998 364 1170 397 SEDITIO
1194 366 1361 397 SEMPER
1382 366 1450 397 SIT
1472 365 1714 396 PECCATUM
1735 366 1947 398 MORTALE

336 468 360 494 4
386 464 394 487 ε
420 467 486 505 se«
512 457 534 482 o
549 457 740 482 SECUNDUM
754 456 808 481 sm
827 455 1066 480 PROCEDlTUR.
1083 444 1241 480 Videtur
1257 445 1360 493 quod
1387 471 1388 485 ἢ

332 488 646 556 Ᾰῑῖσ
675 509 754 534 non
782 508 934 545 semper
962 495 1007 532 sit
1034 505 1231 543 peccatum
1259 510 1361 534 mor-

320 550 437 605 [τ’.
460 555 479 589 6
512 551 598 587 tale.
635 550 778 587 Seditio
817 549 919 586 enim
947 548 1127 596 importat
1164 550 1360 586 tumultum
1387 553 1389 591 !

412 640 415 642 .
469 594 564 640 ad
583 614 777 653 pugnam‚·
804 610 844 639 ut
870 609 973 650 patet
1001 613 1069 649 per
1096 602 1272 638 Glossam
1302 615 1361 638 su-

30 669 34 672 ·
65 663 139 684 wm-
156 659 261 688 praeced·
302 667 372 703 pra
390 653 410 676 '¹‘
438 655 645 692 inductam.
676 655 753 693 Sed
771 666 900 704 pugna
919 666 997 690 non
1017 666 1169 702 semper
1197 662 1253 691 est
1275 667 1362 703 pec-

304 715 430 744 catum
460 709 631 755 mortale,
652 708 720 745 sed
747 707 980 756 quandoque
1001 714 1056 743 est
1084 707 1179 744 iusta
1199 715 1235 743 et
1253 707 1362 754 licita,

303 768 345 797 ut
371 772 486 809 supra
503 761 524 783 ³⁸
550 761 723 798 habitum
752 767 819 797 est.
848 761 950 807 Ergo
979 760 1099 796 multo
1128 760 1248 807 magis
1267 760 1363 796 sedi-

303 814 355 850 tio
382 821 508 862 potest
535 826 618 851 esse
646 814 727 850 sine
754 819 912 862 peccato
945 812 1107 848 mortali.

359 877 394 903 2.
420 867 661 914 Pium-sm,
698 866 833 903 seditio
861 872 917 902 est
945 865 1132 902 discordia
1160 864 1363 913 quaedam,

199 932 212 947 e
258 941 277 951 -‚
304 926 345 955 ut
373 918 516 956 dictum
546 926 602 967 est
625 919 656 956 ⁸.
687 920 763 957 Sed
796 917 984 955 discordia
1015 924 1140 966 potest
1173 929 1255 953 esse
1284 916 1364 953 sine

303 978 464 1020 peceato
492 971 659 1008 mortali:
689 979 726 1008 et
751 970 987 1020 quandoque
1017 969 1130 1006 etiarn
1159 969 1239 1006 sine
1259 969 1366 1005 omni

303 1031 475 1073 peccato.
505 1025 608 1072 Ergo
638 1023 753 1061 etiam
782 1023 931 1061 seditio.

359 1078 394 1115 3.
423 1078 657 1123 PRAETEREA,
700 1077 904 1114 laudantur
939 1075 1004 1124 qui
1033 1074 1315 1112 multitudinem
1346 1087 1368 1111 a

302 1136 489 1178 potestate
517 1130 714 1178 tyrannica
733 1130 905 1167 liberant.
936 1128 1014 1165 Sed
1032 1129 1108 1165 hoc
1135 1139 1213 1164 non
1243 1127 1290 1164 de
1314 1128 1366 1164 fa-

246 1217 250 1219 ,
304 1182 364 1219 cili
391 1190 518 1231 potest
544 1183 629 1220 fieri
657 1182 737 1220 sine
776 1182 903 1232 aliqua
931 1181 1167 1218 dissensione
1201 1180 1368 1217 multitu-

304 1235 413 1281 dinis,
443 1236 535 1274 dum
563 1248 642 1273 una
668 1249 756 1286 pars
784 1234 1034 1273 multitudinis
1062 1234 1189 1271 nititur
1207 1234 1368 1270 retinere

303 1295 531 1337 tyrannum,
550 1289 625 1326 alia
650 1301 745 1326 vero
778 1289 906 1325 nititur
933 1299 1022 1324 eum
1050 1287 1228 1323 abiicere.
1266 1287 1368 1335 Ergo

266 1347 278 1350 ”
304 1339 440 1380 seditio
469 1349 596 1391 potest
620 1341 704 1379 fieri
731 1341 812 1378 sine
836 1343 1013 1391 peccato.

358 1395 434 1432 Suo
463 1406 610 1432 coum
645 1406 712 1432 its-r
740 1394 847 1443 quod
874 1393 1102 1442 Apostolus,
1133 1394 1164 1429 II
1198 1392 1251 1428 ad
1280 1393 1367 1429 Cor.

304 1459 355 1486 xn
382 1447 424 1493 ⁸¹,
453 1447 631 1497 prohibet
666 1447 874 1485 seditiones
909 1447 1008 1483 inter
1035 1445 1109 1482 alia
1145 1457 1245 1493 quae
1283 1452 1371 1482 sunt

305 1507 464 1550 peccata
503 1500 690 1538 mortalia.
740 1502 843 1548 Ergo
890 1499 1025 1537 seditio
1068 1506 1124 1535 est
1169 1506 1368 1546 peccatum

305 1554 480 1595 mortale.
511 1578 515 1580 -

359 1608 588 1645 Rusponnsso
620 1618 806 1643 mcENDUM
834 1606 952 1654 quod,
974 1605 1070 1642 sicut
1094 1605 1235 1641 dictum
1265 1611 1321 1640 est
1339 1603 1371 1649 *,

305 1659 441 1705 seditio
469 1659 680 1709 opponitur
714 1659 847 1696 unitati
875 1657 1147 1703 multitudinis,
1176 1657 1272 1694 idest
1303 1669 1372 1706 po-

254 1743 277 1749 ..
305 1713 397 1763 puli,
425 1713 588 1751 civitatis
619 1713 682 1750 vel
711 1712 828 1760 regni.
866 1711 967 1748 Dicit
993 1718 1122 1748 autem
1151 1715 1168 1731 ‘²
1195 1709 1372 1757 Augusti-

205 1770 233 1796 ·“·
271 1776 280 1796 ·“
301 1779 392 1812 τινε,
412 1768 446 1803 II
464 1767 512 1804 de
534 1766 615 1804 Civ.
634 1766 710 1802 Dei
725 1765 758 1811 ²¹⁸,
779 1765 884 1813 quod
909 1764 1095 1812 populum
1119 1762 1373 1799 determinant

273 1815 280 1822 ¹
307 1819 502 1868 sapientes
535 1831 610 1856 non
647 1830 798 1855 omnem
835 1822 981 1854 coetum
1017 1816 1278 1861 multitudinis,
1307 1816 1375 1853 sed

66 771 77 782 ⁸
87 770 135 798 Qu.
149 775 186 796 ιι,
200 772 243 790 ιη.
255 774 275 794 ις

65 803 105 824 qn.
119 802 164 823 xu,
175 799 217 817 m.
228 801 244 816 1.

67 1453 160 1482 ‘Van
172 1459 212 1477 ao.

307 1878 454 1911 coetum
481 1873 576 1909 iuris
601 1882 783 1909 consensu
811 1875 847 1907 et
873 1869 1035 1907 utilitatis
1066 1869 1331 1906 communione
1359 1867 1374 1898 β

306 1926 502 1965 sociatum.
530 1924 644 1962 Unde
664 1924 909 1962 manifestum
937 1930 995 1959 est
1011 1921 1196 1959 unitatem
1217 1921 1278 1958 cui
1306 1933 1374 1970 op-

307 1978 464 2027 ponitur
490 1978 627 2015 seditio
666 1989 749 2014 esse
776 1976 960 2014 unitatem
985 1975 1075 2012 iuris
1104 1983 1140 2012 et
1159 1974 1375 2012 communis

307 2030 488 2069 utilitatis.
517 2030 765 2068 Manifestum
795 2037 852 2066 est
879 2041 970 2076 ergo
1006 2029 1112 2075 quod
1141 2027 1278 2064 seditio
1307 2039 1374 2076 op-

309 2083 466 2133 ponitur
495 2090 532 2120 et
558 2082 721 2120 iustitiae
750 2090 787 2118 et
819 2081 1014 2118 communi
1053 2081 1171 2117 bono,
1208 2081 1258 2117 Et
1285 2080 1374 2117 ideo

311 2148 363 2179 ex,
385 2148 456 2175 suo
491 2147 634 2183 genere
666 2142 724 2172 est
750 2141 952 2182 peccatum
989 2134 1173 2170 mortale:
1207 2141 1244 2169 et
1270 2140 1375 2170 tanto

311 2189 472 2238 gravius
491 2195 636 2237 quanto
655 2192 672 2216 Υ
700 2187 847 2224 bonum
877 2197 1098 2231 commune,
1120 2186 1226 2232 quod
1254 2185 1377 2234 impu-

365 2303 394 2336 ι.)
412 2306 514 2329 autem.
529 2314 549 2321 —
567 2301 637 2327 enim
655 2300 817 2326 ABCDEFR.

367 2337 393 2372 β)
413 2337 606 2364 communione.
616 2350 636 2356 -
652 2342 791 2362 commune
804 2333 980 2367 ABEFKLpC
993 2339 1018 2359 et
1031 2341 1076 2364 im,
1091 2333 1239 2359 communis
1253 2333 1298 2358 [sc
1312 2338 1338 2357 et
1349 2340 1375 2357 α.

1414 451 1550 492 gnatur
1578 457 1646 493 per
1673 445 1916 492 seditionem,
1946 453 2002 482 est
2030 445 2153 482 maius
2182 458 2298 494 quam
2326 447 2471 483 bonum

1414 497 1618 546 privatum,
1649 497 1753 545 quod
1782 497 2024 546 impugnatur
2051 510 2120 546 per
2148 498 2279 536 rixam.

1468 551 1675 586 Peccatum
1709 558 1837 586 autem
1871 551 2064 587 seditionis
2092 550 2217 599 primo
2253 551 2408 599 quidem
2439 560 2474 588 et

1388 643 1389 648 ¹
1414 602 1670 650 principaliter
1696 603 1859 650 pertinet
1888 603 1936 640 ad
1965 615 2031 639 eos
2051 604 2115 651 qui
2144 603 2367 640 seditionem
2387 617 2475 653 pro-

1388 681 1389 692 i
1417 663 1561 702 curant,
1592 656 1656 704 qui
1684 655 1905 702 gravissime
1932 663 2103 704 peccant.
2134 657 2313 693 Secundo
2333 665 2474 704 autem,

1417 708 1465 744 ad
1495 720 1562 743 eos
1590 708 1654 756 qui
1684 720 1751 744 eos
1779 715 2008 756 sequuntur,
2038 709 2301 757 perturbantes
2329 710 2474 747 bonum

1389 796 1391 811 Ι
1418 771 1637 796 commune.
1659 761 1713 796 Illi
1740 772 1833 796 vero
1855 761 1918 809 qui
1945 761 2093 798 bonum
2113 773 2319 798 commune
2348 762 2476 800 defen-

1389 815 1391 852 }
1418 812 1522 858 dunt,
1553 812 1606 848 eis
1635 812 1861 859 resistentes,
1891 825 1970 849 non
1998 822 2085 850 sunt
2113 814 2262 850 dicendi
2291 815 2474 852 seditiosi:

1419 865 1514 901 sicut
1541 877 1612 901 nec
1633 865 1683 901 illi
1711 865 1775 913 qui
1796 877 1835 901 se
1856 865 2064 902 defendunt
2083 866 2258 903 dicuntur
2285 867 2407 915 rixosi,
2436 875 2478 904 ut

1419 929 1534 965 supra
1555 919 1574 938 *
1603 917 1745 954 dictum
1775 925 1842 954 est.
2506 918 2515 928 '

1472 971 1530 1005 An
1550 981 1687 1006 PRIMUM
1706 981 1806 1006 ERGO
1825 981 2010 1007 DICENDUM
2030 971 2135 1018 quod
2153 983 2281 1019 pugna
2305 984 2403 1019 quae
2424 979 2479 1009 est

1419 1021 1519 1058 licita
1546 1022 1589 1058 fit
1616 1034 1686 1070 pro
1716 1022 1912 1058 communi
1940 1023 2107 1069 utilitate,
2137 1023 2232 1060 sicut
2255 1036 2368 1072 supra
2385 1024 2406 1046 ³¹⁸
2425 1025 2478 1062 di·
2505 1026 2627 1052 'Qu-¹²¹

1420 1081 1523 1110 ctum
1544 1081 1611 1110 est.
1643 1075 1720 1111 Sed
1740 1075 1874 1111 seditio
1894 1075 1937 1111 fit
1957 1083 2087 1111 contra
2107 1087 2310 1113 commune
2331 1078 2478 1114 bonurn

1418 1127 1680 1164 multitudinis.
1711 1127 1822 1164 Unde
1843 1139 1996 1176 semper
2015 1135 2070 1164 est
2088 1136 2287 1176 peccatum
2306 1131 2478 1166 mortale.

1476 1182 1534 1216 AD
1564 1192 1755 1217 SECUNDUM
1783 1192 1967 1217 DtCENDUM
1999 1182 2104 1229 quod
2139 1181 2326 1218 discordia
2355 1183 2402 1218 ab
2433 1195 2479 1219 eo

1419 1234 1525 1281 quod
1554 1245 1633 1270 non
1662 1240 1718 1269 est
1741 1233 1938 1270 manifeste
1968 1234 2113 1270 bonum
2140 1242 2264 1282 potest
2291 1247 2371 1270 esse
2400 1235 2480 1271 sine

1419 1293 1590 1334 peccato.
1621 1286 1698 1322 Sed
1719 1286 1906 1323 discordia
1934 1287 1981 1323 ab
2012 1298 2057 1322 eo
2078 1287 2182 1335 quod
2211 1294 2266 1323 est
2285 1287 2491 1324 manifeste*

1420 1339 1568 1375 bonum
1606 1351 1685 1375 non
1709 1346 1847 1387 potest
1883 1351 1966 1375 esse
2004 1338 2083 1376 sine
2111 1347 2281 1388 peccato.
2321 1341 2368 1376 Et
2400 1340 2482 1377 talis

1421 1391 1611 1428 discordia
1631 1399 1686 1428 est
1705 1391 1852 1439 seditio,
1874 1404 1972 1439 quae
1994 1392 2200 1440 opponitur
2222 1392 2368 1429 utilitati
2387 1394 2482 1429 mul-

1419 1444 1601 1490 titudinis,
1632 1456 1731 1491 quae
1761 1452 1815 1481 est
1843 1444 2041 1481 manifeste
2069 1445 2228 1481 bonurn.

1474 1499 1533 1534 An
1547 1508 1707 1534 TERTtUM
1728 1509 1911 1534 DlCENDUM
1932 1497 2035 1545 quod
2056 1497 2224 1544 regimen
2243 1497 2481 1544 tyrannicum

1395 1582 1397 1590 ζ
1422 1563 1501 1588 non
1531 1557 1588 1586 est
1615 1549 1778 1586 iustum:
1808 1550 1897 1598 quia
1926 1562 2003 1586 non
2039 1550 2233 1586 ordinatur
2261 1550 2309 1586 ad
2337 1550 2483 1586 bonum

1423 1615 1647 1650 commune,
1676 1603 1744 1640 sed
1773 1604 1822 1640 ad
1850 1604 1999 1640 bonum
2028 1603 2221 1651 privatum
2241 1602 2415 1651 regentis,
2443 1611 2485 1639 ut

2523 918 2572 945 Qu.
2585 924 2630 944 κω,
2642 924 2666 939 ar

2642 1031 2683 1048 art.
2700 1032 2715 1047 Ι.

1410 1663 1526 1709 *patet
1553 1668 1622 1704 per
1650 1656 1941 1704 Philosophum,
1969 1655 2007 1692 in
2037 1657 2086 1692 111
2114 1656 2220 1692 Polit.
2239 1655 2260 1677 '¹‘
2279 1663 2316 1692 et
2341 1655 2379 1693 in
2396 1654 2484 1692 VIII
2512 1667 2623 1714 ἔσῃ-ν,
2639 1673 2661 1687 n.
2677 1674 2722 1692 ⁴.-

2606 1694 2657 1714 lect.
2673 1699 2703 1714 vt.

1421 1709 1541 1746 Ethic.
1562 1708 1583 1730 '¹‘
1611 1709 1660 1745 Et
1687 1708 1775 1745 ideo
1795 1708 2028 1756 perturbatio
2052 1707 2166 1744 huius
2195 1707 2387 1755 regiminis
2407 1720 2485 1744 non
2514 1709 2593 1747 ⁶'cmi
2608 1726 2633 1743 x,

1422 1762 1539 1798 habet
1566 1761 1753 1798 rationem
1781 1760 1993 1798 seditionis:
2030 1760 2099 1797 nisi
2127 1761 2222 1797 forte
2250 1760 2405 1808 quando
2434 1761 2486 1797 sic
2512 1753 2530 1766 ⁵'
2581 1746 2620 1767 ’ἐ

1423 1814 1638 1852 inordinate
1657 1814 1899 1862 perturbatur
1917 1813 2065 1861 tyranni
2085 1813 2254 1860 regimen
2270 1813 2375 1860 quod
2390 1814 2486 1850 mul-

1422 1867 1544 1904 titudo
1565 1867 1735 1904 subiecta
1754 1866 1878 1903 maius
1897 1866 2161 1903 detrimentum
2181 1866 2320 1914 patitur
2339 1878 2384 1903 ex
2403 1879 2486 1914 per-

1423 1920 1639 1957 turbatione
1661 1920 1908 1968 consequenti
1928 1931 2045 1967 quam
2061 1931 2108 1955 ex
2126 1919 2274 1966 tyranni
2294 1919 2486 1966 regimine.

1426 1973 1550 2021 Magis
1577 1980 1705 2011 autem
1734 1980 1917 2020 tyrannus
1946 1972 2147 2009 seditiosus
2174 1979 2242 2017 est,
2271 1972 2392 2020 quiin
2420 1983 2488 2020 po-

1425 2027 1517 2075 pulo
1546 2026 1617 2062 sibi
1645 2026 1815 2062 subiecto
1837 2025 2044 2062 discordias
2073 2032 2109 2061 et
2136 2024 2340 2061 seditiones
2364 2025 2487 2071 nutrit,

1426 2086 1467 2116 ut
1494 2079 1608 2116 tutius
1637 2078 1827 2116 dominari
1854 2078 1984 2126 possit.
2015 2078 2102 2114 Hoc
2121 2077 2221 2114 enim
2250 2077 2488 2125 tyrannicum

1427 2139 1498 2168 est:
1520 2144 1608 2168 cum
1629 2131 1675 2168 sit
1694 2131 1911 2169 ordinatum
1932 2131 1981 2168 ad
2000 2131 2145 2167 bonurn
2165 2130 2364 2178 proprium
2380 2142 2489 2178 prae-

1426 2184 1581 2222 sidentis
1610 2196 1699 2220 cum
1728 2183 1976 2220 multitudinis
2004 2191 2250 2220 nocumento.

1482 2298 1509 2330 γ)
1528 2301 1638 2329 quanto.
1656 2311 1676 2316 -
1694 2300 1821 2330 quantum
1842 2297 1871 2321 P.

412 2431 414 2433 >
987 2404 1320 2437 Commentaria.
1342 2402 1593 2435 Cardinalis
1615 2402 1816 2435 Caietam

320 2486 325 2487 ⁷
345 2488 367 2510 u
381 2478 516 2509 articulo
531 2476 672 2507 secundo
687 2476 831 2507 eiusdem
845 2475 1050 2516 quaestionis,
1066 2474 1099 2504 in
1114 2473 1322 2514 responsione
1339 2473 1378 2503 ad

319 2491 487 2559 Inertium,
503 2522 631 2552 adverte
652 2521 741 2562 quod
757 2520 903 2551 excitatio
923 2525 1034 2550 contra
1049 2526 1221 2560 tyrannum
1243 2525 1320 2548 tunc
1343 2527 1380 2548 ex

316 2574 441 2600 eventuv
446 2567 556 2608 peiore
569 2565 679 2597 illicita
696 2564 855 2596 iudicatur
868 2564 996 2605 quando
1016 2563 1198 2594 inordinate
1206 2562 1379 2602 perturba-

317 2617 373 2645 tur
386 2611 522 2653 tyranni
535 2611 692 2651 regimen.
714 2608 796 2646 Quis
817 2609 858 2640 sit
876 2614 985 2639 autem
999 2608 1118 2638 modus
1134 2606 1299 2637 ordinatus
1309 2616 1379 2647 per-

316 2655 466 2688 turbandi
481 2662 669 2697 tyrannum;
693 2659 724 2685 et
746 2653 876 2695 qualem
901 2659 1084 2694 tyrannum,
1102 2658 1180 2692 puta
1202 2651 1380 2681 secundum

317 2700 458 2744 regimen
473 2704 608 2735 tantum,
625 2698 676 2728 vel
691 2698 870 2729 secundum
884 2697 1023 2738 regimen
1041 2702 1072 2727 et
1085 2695 1232 2731 titulum;
1252 2705 1318 2725 non
1335 2701 1382 2725 est

318 2740 492 2786 praesentis
503 2742 691 2774 intentionis
705 2742 732 2773 *.
753 2742 807 2773 Sat
821 2748 868 2772 est
882 2751 969 2772 nunc
984 2739 1262 2782 quod‘utrutnque
1276 2746 1382 2780 tyran-

319 2794 400 2820 num
409 2788 484 2819 licet
493 2788 638 2818 ordinate
652 2787 848 2827 perturbare,
859 2786 979 2826 absque
994 2785 1159 2820 seditione,
1172 2785 1381 2825 quandoque:

318 2833 429 2869 illum.
451 2839 493 2864 ut
510 2833 598 2863 bono
619 2830 813 2871 reipublicae
834 2837 943 2867 vacet3
966 2830 1075 2866 istum,
1099 2836 1135 2860 ut
1153 2828 1337 2868 expellatur.

82 2744 93 2756 ⁸
107 2743 144 2766 Cf.
159 2749 204 2792 εξ.
223 2748 291 2769 mv,

81 2774 149 2799 nrt-3.
195 2772 292 2792 ment.

470 3517 579 3540 Summi-¹.
598 3514 700 3539 Tumor.
720 3514 749 3537 D.
769 3513 882 3537 Tuom-1⁷.
902 3512 932 3535 Τ.
953 3512 982 3535 V.

2645 1726 2668 1741 n.
2679 1725 2690 1741 2
2711 1731 2721 1735 -

2542 1746 2578 1767 Th
2622 1750 2652 1767 ct.
2662 1752 2684 1767 x.

2099 2445 2112 2455 0

1485 2473 1523 2503 11.
1541 2473 1576 2502 In
1593 2472 1676 2503 calce
1691 2472 1806 2502 harum
1821 2471 2073 2512 quaestionum*
2089 2471 2128 2501 de
2139 2470 2223 2501 vitiis
2239 2471 2396 2511 oppositis
2411 2471 2492 2510 paci,
2519 2480 2528 2489 ⁸
2543 2479 2563 2499 A
2579 2485 2618 2505 qu.
2637 2484 2720 2499 xxxvii.

1430 2517 1556 2547 adverte
1579 2517 1736 2547 ordinem.
1767 2517 1843 2546 Post
1867 2515 2058 2546 discordiam
2086 2515 2119 2545 in
2143 2515 2238 2545 corde
2262 2522 2292 2545 et
2316 2515 2492 2545 contentio-

1430 2571 1505 2592 nem
1526 2561 1560 2591 in
1583 2570 1654 2597 ore,
1678 2567 1817 2601 quatuor
1838 2560 1914 2590 vitia
1936 2559 1970 2590 in
1996 2569 2093 2599 opere
2116 2559 2260 2589 ordinata
2282 2558 2431 2589 videntur
2452 2559 2491 2589 ab

1430 2608 1571 2636 Auctore
1594 2605 1645 2635 hic
1668 2605 1845 2635 secundum
1869 2603 2023 2634 maiorem
2047 2603 2274 2633 extensionem.
2304 2603 2386 2632 Nam
2411 2602 2492 2632 schi-

1431 2659 1498 2681 sma
1513 2655 1656 2689 respectu
1672 2649 1829 2679 Ecclesiae
1846 2647 2039 2684 universalis,
2055 2657 2137 2687 quae
2154 2647 2264 2677 orbem
2286 2646 2491 2686 comprehen-

1432 2694 1492 2730 dit;
1516 2693 1638 2724 bellum
1661 2693 1701 2723 ad
1725 2693 1846 2723 diversa
1868 2702 1972 2732 regna,
1998 2691 2152 2727 nationes,
2177 2697 2251 2726 etc.;
2277 2690 2338 2720 rixa
2361 2691 2400 2720 ad
2423 2700 2492 2730 per-

1432 2748 1525 2768 sonas
1555 2737 1797 2778 undecumque;
1829 2735 1942 2767 seditio
1965 2736 2005 2766 ad
2028 2742 2131 2776 partes
2154 2735 2249 2765 unius
2279 2733 2492 2765 multitudinis

1432 2792 1466 2813 se
1488 2782 1637 2813 extendit.

2319 3505 2347 3528 4¹

2667 922 2684 939 ῐ.
2698 923 2714 938 1.
