2892 4056
440 176 510 221 148

434 252 514 282 mori
538 260 623 283 casto
641 260 811 293 utrumque
836 254 1013 283 timendum
1029 253 1184 289 tribuitur,
1202 254 1318 285 scilicet
1333 255 1490 285 offendere

432 296 537 326 Deum
562 304 591 326 et
615 297 748 336 separari
772 308 788 326 a
813 297 897 326 Deo:
923 298 976 326 sed
1000 297 1073 336 quia
1098 297 1267 328 Durandus
1290 299 1392 337 arguit
1416 309 1490 329 con-

432 347 478 370 tra
501 340 622 370 timoris
653 341 727 370 casti
758 348 966 379 augmentum
990 350 1048 379 pro
1077 348 1197 380 quanto
1221 341 1345 381 respicit
1369 352 1490 382 separa·
1516 352 1518 391 ᾗ

1112 176 1377 222 QUAESTIO
1407 179 1511 226 x1x,

1541 178 1835 215 ARTICULUS
1863 180 1914 216 XI

1544 255 1645 285 maius
1677 256 1797 285 malum
1821 256 1964 286 aestimat
1994 257 2224 296 separationem
2254 260 2292 289 ab
2315 260 2381 290 illo.
2411 260 2451 290 Et
2481 266 2601 300 quanto

1544 299 1649 329 minus
1673 299 1774 338 diligit
1802 299 1872 339 quis
1896 300 2050 336 amicum,
2075 307 2162 331 tanto
2191 302 2295 333 minus
2319 303 2390 334 facit
2421 303 2604 334 convictum

1544 352 1618 372 curn
1641 342 1713 378 illo,
1738 353 1774 373 ac
1797 352 1852 382 per
1874 343 1936 384 hoc
1960 344 2066 374 minus
2090 345 2212 376 malurn
2234 347 2377 378 aestimat
2405 347 2539 387 separari
2563 348 2601 377 ab

432 383 562 420 tionem,
579 383 660 420 ideo,
679 391 713 414 ut
737 384 855 414 dictum
881 391 935 420 est,
961 383 1124 423 loquimur
1147 394 1213 414 non
1233 385 1271 415 de
1295 386 1490 426 separatione
1516 397 1518 409 ἰ
1543 386 1609 416 illo.
1634 386 1674 416 Et
1698 386 1829 417 demum
1852 387 1878 416 si
1901 387 1979 417 nihil
2008 387 2122 427 diligit,
2145 388 2223 419 nihil
2246 390 2322 420 boni
2345 391 2378 420 in
2401 391 2547 421 convictu
2572 397 2602 421 et

433 426 578 463 offensae,
594 438 675 467 quae
699 435 744 457 est
769 428 889 457 malum
906 428 1033 467 culpae;
1057 428 1112 457 sed
1135 428 1173 458 de
1197 429 1394 469 separatione
1410 440 1490 470 quae
1544 429 1623 460 nihil
1646 430 1721 460 mali
1744 430 1776 460 in
1801 431 1996 470 separatione
2020 431 2104 461 illius
2133 432 2285 464 aestimat.
2311 434 2373 465 Ubi
2396 434 2483 464 vides
2513 435 2602 474 quod

389 470 391 472 ’
432 478 478 500 est
502 471 621 501 malum
645 481 777 510 poenae,
794 482 859 501 non
882 478 915 501 ut
940 477 985 501 est
1001 471 1134 510 privatio
1158 472 1234 502 boni
1258 473 1367 509 nostri,
1385 474 1439 503 sed
1456 480 1491 503 ut
1515 461 1518 523 Ι
1543 473 1670 513 propria
1693 484 1840 504 mensura
1863 474 2099 514 appretiationis
2122 476 2197 506 mali
2217 477 2420 517 separationis
2444 485 2490 508 est
2512 487 2602 508 amor

432 521 477 544 est
500 514 633 553 privatio
658 515 732 544 boni
756 515 862 551 divini,
881 523 915 545 ut
939 515 1059 545 dictum
1083 522 1139 545 est.
1515 524 1518 586 Ι
1543 517 1706 548 amicitiae.
1732 518 1772 548 Et
1795 526 2025 558 consequenter
2047 519 2226 559 prospicere
2250 528 2339 560 potes
2369 522 2457 562 quod
2481 521 2601 562 optime

486 558 535 588 111.
561 558 742 587 Secundum
767 565 813 588 est
837 559 925 598 quod
948 558 1107 589 obiectum
1131 559 1254 590 timoris
1283 561 1382 590 multa
1406 560 1489 590 clau—
1515 590 1517 602 ‹
1543 563 1664 591 Auctor
1686 561 1779 592 infert
1803 571 1839 592 ex
1854 569 2026 602 augmento
2051 563 2184 594 caritatis
2207 563 2240 594 in
2263 564 2323 601 via,
2341 565 2375 595 in
2391 575 2455 605 qua
2477 575 2602 605 semper

430 601 489 631 dit:
515 601 630 631 scilicet
646 602 777 637 malum,
796 603 940 638 arduum,
959 602 1111 638 futurum,
1126 603 1284 642 possibile.
1305 604 1366 634 Sed
1389 614 1489 644 quan·
1515 605 1517 645 ζ
1543 605 1680 635 salvatur
1703 605 1863 636 obiectum
1886 606 2009 637 timoris
2033 607 2064 636 in
2085 607 2280 646 separatione
2304 618 2322 638 a
2344 609 2424 645 Deo,
2441 609 2530 649 quod
2546 619 2599 639 au-

430 651 498 674 tum
522 645 561 674 ad
585 645 786 684 propositum
817 653 950 685 spectat,
974 646 1092 676 claudit
1115 646 1196 676 duo:
1222 647 1338 678 scilicet
1369 648 1489 678 malum
1515 649 1516 680 ἰ
1542 655 1632 687 getur
1651 648 1834 688 simpliciter
1848 651 1945 680 timor
1963 651 2178 690 separationis,
2203 650 2323 682 Caritas
2341 653 2427 682 enim
2450 659 2496 683 est
2511 662 2601 682 amor

429 695 459 717 et
482 688 640 727 possibile.
673 689 762 725 Quae
787 689 828 719 ita
852 699 883 719 se
907 690 1023 720 habent
1046 690 1134 730 quod
1163 691 1357 722 conveniunt
1384 692 1488 731 primo
1514 698 1517 736 ζ
1543 692 1696 723 amicitiae
1720 693 1759 723 ad
1782 693 1897 730 Deum,
1925 704 1988 735 qua
2011 701 2134 725 amatur
2158 690 2340 725 coniunctio
2363 695 2503 726 hominis
2527 706 2600 727 cum

428 731 459 760 in
484 731 545 761 hoc
569 732 658 772 quod
681 739 853 773 utrumque
877 733 1009 773 exigitur
1032 734 1071 764 ad
1095 734 1255 764 obiectum
1279 735 1412 773 timoris,
1429 736 1487 766 sci·
1514 737 1516 780 ξ
1542 734 1611 767 Deo
1627 736 1666 766 ad
1679 736 1794 773 Deum,
1809 738 1899 768 cuius
1915 739 2064 778 opposita
2080 739 2235 778 separatio
2252 739 2374 769 malum
2389 746 2436 770 est
2451 740 2600 779 possibile

427 775 498 805 licet
521 782 551 805 et
574 776 662 815 quod
686 776 725 806 sit
748 777 869 807 malum
894 785 924 807 et
947 778 1035 818 quod
1059 778 1097 808 sit
1120 778 1280 817 possibile,
1299 786 1334 810 ut
1357 786 1452 819 patet.
1467 797 1488 803 —
1514 781 1516 823 ζ
1542 790 1666 820 semper
1679 780 1711 811 in
1727 780 1787 812 via.
1811 781 1853 812 Et
1870 788 1991 822 quanto
2009 782 2110 812 maior
2126 789 2172 813 est
2188 783 2307 819 caritas,
2325 790 2413 813 tanto
2428 783 2527 823 magis
2546 794 2600 823 ap-

427 819 467 848 Et
491 819 685 850 conveniunt
701 821 840 851 secundo
857 821 888 851 in
909 821 970 851 ho‘c
986 822 1084 862 quod,
1102 823 1208 852 ceteris
1233 823 1369 862 paribus,
1386 825 1488 864 quod·
1514 864 1515 868 Ἰ
1541 824 1692 864 pretiatur
1714 825 1837 855 bonum
1862 826 2094 856 coniunctionis
2119 833 2148 856 et
2172 827 2294 856 malum
2316 826 2529 866 separationis.
2555 829 2600 858 Ac

185 1350 194 1357 ⁸
210 1348 242 1370 Ca
260 1355 311 1374 .111,
324 1355 346 1370 n.
357 1356 395 1377 5.-

185 1374 263 1396 S.T1.
280 1376 328 1396 lect.
345 1383 365 1396 v.

426 862 472 891 vis
496 872 608 892 eorum
632 870 761 894 auctum
781 872 875 904 auget
898 865 1093 896 timendum:
1119 875 1203 902 nam,
1219 867 1326 897 ceteris
1350 868 1487 907 paribus,
1513 870 1515 884 ⁴

426 907 515 946 quod
535 914 581 938 est
609 907 707 947 magis
731 909 854 939 malum
877 916 923 939 est
945 909 1044 949 magis
1063 909 1242 941 timendum
1250 920 1257 948 ;
1283 918 1314 941 et
1336 911 1487 949 similiter,
1513 947 1514 954 ἵ

426 949 534 980 ceteris
551 950 689 991 paribus,
707 953 794 992 quod
819 959 865 983 est
888 953 987 993 magis
1013 953 1163 994 possibile
1184 961 1230 986 est
1253 955 1352 995 magis
1376 956 1488 986 timen-
1513 956 1514 963 ¹

425 994 513 1024 dum.
530 1011 551 1017 -—
568 994 629 1025 Sed
645 994 791 1027 differunt
805 997 837 1026 in
852 997 914 1027 hoc
930 998 1018 1038 quod
1035 997 1110 1027 mali
1125 997 1258 1029 latitudo
1280 1007 1326 1030 est
1340 1009 1488 1031 mensura

425 1037 608 1077 simpliciter
637 1039 779 1070 timoris:
803 1041 844 1071 ita
876 1041 965 1081 quod
993 1048 1114 1081 quanto
1145 1043 1247 1073 maius
1278 1050 1324 1074 est
1347 1044 1486 1080 malum,
1512 1072 1513 1075 ,

424 1088 512 1112 tanto
536 1082 632 1113 timor
655 1083 722 1114 eius
746 1092 792 1115 est
816 1085 999 1124 simpliciter
1021 1086 1132 1116 maior.
1157 1087 1318 1117 Possibilis
1346 1097 1420 1118 vero
1444 1088 1487 1118 la·
1512 1095 1513 1125 J

424 1125 527 1156 titudo
552 1133 598 1157 est
629 1137 777 1158 mensura
801 1130 978 1159 secundum
1002 1130 1078 1170 quid
1102 1129 1201 1169 ipsius
1231 1131 1362 1162 timoris.
1388 1131 1487 1168 Quod
1512 1130 1513 1135 ¹

423 1176 509 1209 patet
532 1180 569 1200 ex
584 1180 623 1200 eo
643 1172 742 1211 quod,
759 1180 1058 1214 quantumcumque
1082 1173 1230 1204 facillime
1247 1175 1371 1204 evenire
1395 1175 1487 1205 nobis

422 1213 524 1252 possit
547 1214 678 1255 aliquod
708 1226 842 1255 parvum
867 1217 1003 1253 malum,
1029 1217 1135 1246 minus
1159 1217 1308 1248 timemus
1339 1228 1437 1258 quam
1460 1219 1485 1248 si

423 1267 576 1297 magnum
600 1259 731 1299 aliquod
748 1260 868 1290 malum
892 1260 1041 1300 possibile
1060 1260 1234 1298 immineat,
1251 1261 1397 1301 quamvis
1420 1272 1486 1292 non

422 1301 511 1331 facile
536 1309 735 1333 eventurum.
761 1304 801 1334 Et
824 1304 978 1344 quoniam
1003 1305 1035 1334 in
1058 1304 1243 1337 huiusmodi
1277 1305 1355 1335 nihil
1385 1306 1487 1337 differt

422 1355 488 1376 esse
504 1346 553 1376 vel
568 1356 717 1386 apparere
730 1348 851 1378 malum
867 1348 917 1378 vel
932 1349 1066 1384 bonum,
1080 1358 1116 1381 ut
1128 1357 1214 1391 patet
1224 1349 1257 1380 in
1270 1349 1296 1380 ΙΙ
1311 1350 1439 1390 Physic.
1451 1350 1484 1387 *;

411 1389 564 1420 *eiusdem
587 1391 716 1421 rationis
747 1399 793 1422 est
816 1402 883 1422 esse
911 1393 1014 1423 maius
1045 1395 1167 1426 malum
1198 1401 1229 1425 et
1256 1393 1422 1435 appretiari
1451 1401 1486 1425 ut
1510 1426 1511 1436 γ

421 1434 523 1463 maius
548 1434 679 1464 malum.

478 1479 524 1507 Ac
548 1488 603 1518 per
634 1479 709 1514 hoc,
741 1479 779 1509 ad
810 1480 1013 1519 propositum
1046 1482 1283 1518 descendendo,
1308 1482 1443 1521 separari
1467 1493 1485 1512 a

421 1521 490 1551 Deo
515 1528 603 1552 tanto
627 1522 756 1552 maioris
780 1523 854 1553 mali
879 1524 1034 1555 rationem
1053 1526 1156 1562 habet,
1173 1534 1294 1567 quanto
1315 1525 1415 1566 magis
1432 1537 1485 1567 ap·
1509 1556 1511 1565 ,

1541 878 1597 908 per
1625 868 1687 899 hoc
1711 878 1834 909 semper
1864 870 1971 900 crescit
1994 870 2176 910 simpliciter
2205 870 2303 900 timor
2326 870 2540 910 separationis.

1598 913 1650 944 IV.
1675 913 1726 943 Ad
1749 913 1959 944 obiectionem
1980 923 2054 954 ergo
2079 914 2266 944 Durandi*:
2291 915 2420 952 Quanto
2445 913 2599 955 separatio

1541 963 1587 987 est
1610 956 1775 993 difficilior,
1791 963 1880 987 tanto
1904 957 2010 988 minus
2028 957 2165 994 timetur,
2183 976 2202 980 —
2214 959 2423 998 respondetur
2438 957 2528 999 quod
2549 967 2600 988 ve-

1540 1010 1612 1031 rum
1636 1007 1682 1031 est
1701 1000 1808 1031 ceteris
1832 1000 1969 1041 paribus.
1995 1002 2056 1032 Sed
2071 1002 2104 1032 in
2127 1002 2293 1042 proposito
2314 1012 2380 1032 non
2404 1009 2478 1033 sunt
2500 1008 2601 1033 cetera

1541 1044 1641 1084 paria:
1667 1044 1742 1084 quia
1766 1045 1920 1084 separatio
1943 1045 2038 1076 habet
2060 1046 2218 1077 rationem
2246 1046 2375 1077 maioris
2398 1045 2474 1077 mali
2497 1054 2599 1086 respe-

1541 1095 1592 1119 ctu
1616 1088 1810 1128 perfectioris
1833 1088 1866 1118 in
1896 1088 2038 1127 caritate,
2059 1090 2133 1130 quia
2156 1091 2194 1121 ab
2218 1100 2256 1120 eo
2280 1090 2380 1131 magis
2409 1089 2601 1131 appretiatur

1540 1132 1572 1162 in
1597 1132 1684 1162 bono
1709 1131 1890 1162 coniunctio
1914 1133 1953 1162 ad
1976 1133 2091 1169 Deum,
2116 1140 2146 1164 et
2169 1134 2202 1164 in
2225 1134 2311 1164 malo
2342 1134 2490 1175 opposita
2513 1143 2600 1174 sepa-

1539 1175 1629 1211 ratio,
1647 1185 1683 1205 ex
1698 1175 1759 1205 hoc
1782 1175 1852 1215 ipso
1868 1176 1956 1216 quod
1979 1176 2079 1216 magis
2101 1176 2201 1217 diligit
2215 1177 2331 1208 Deum.
2354 1178 2396 1208 Et
2411 1188 2478 1208 non
2493 1177 2599 1208 solum

1539 1229 1605 1249 non
1629 1224 1704 1249 sunt
1726 1225 1827 1249 cetera
1849 1219 1945 1258 paria,
1969 1220 2024 1250 sed
2047 1218 2105 1250 ista
2128 1220 2288 1261 imparitas
2311 1231 2348 1251 ex
2376 1227 2464 1262 parte
2487 1230 2598 1263 appre—

1539 1262 1605 1293 tiati
1621 1262 1696 1292 mali
1712 1262 1807 1302 longe
1823 1262 2017 1302 praeeminet
2031 1262 2201 1303 imparitati
2217 1263 2448 1304 possibilitatis:
2468 1271 2505 1295 ut
2515 1271 2600 1304 patet

1539 1317 1575 1337 ex
1598 1306 1661 1336 hoc
1683 1307 1773 1347 quod
1795 1306 1940 1336 videmus
1963 1313 2085 1347 patrem
2109 1308 2208 1348 magis
2231 1308 2342 1339 timere
2369 1308 2600 1349 separationem

1538 1350 1595 1381 filii
1617 1351 1717 1391 magis
1740 1351 1845 1387 amati,
1861 1350 2007 1391 quamvis
2030 1351 2156 1382 difficile
2180 1351 2334 1389 futuram,
2357 1362 2455 1393 quam
2478 1361 2599 1392 separa-

1538 1394 1659 1426 tionem
1682 1394 1740 1424 filii
1755 1394 1862 1425 minus
1885 1394 1981 1426 amati
2004 1394 2095 1426 facile
2115 1396 2264 1426 futuram.
2289 1396 2330 1427 Et
2347 1396 2420 1427 ideo
2444 1402 2600 1434 cre-scente

1540 1439 1665 1469 caritate
1689 1438 1797 1469 crescit
1821 1437 2005 1479 simpliciter
2021 1439 2116 1469 timor
2132 1440 2348 1479 separationis,
2369 1448 2406 1470 ex
2428 1438 2600 1482 augmento

1538 1482 1776 1523 appretiationis
1805 1483 1880 1513 mali
1918 1483 2140 1523 separationis:
2173 1490 2203 1514 et
2232 1483 2387 1515 minuitur
2423 1483 2599 1515 secundum

1538 1527 1626 1568 quid,
1651 1537 1688 1557 ex
1712 1526 1922 1557 diminutione
1946 1527 2161 1567 possibilitatis
2189 1527 2368 1564 eveniendi;
2393 1527 2484 1559 facile
2513 1526 2600 1559 eniti

2626 924 2637 935 ³
2651 924 2721 946 Num.
2737 931 2753 946 i.

421 1565 581 1605 pretiatur.
607 1566 741 1597 Constat
773 1574 880 1597 autern
911 1569 999 1608 quod
1023 1576 1111 1600 tanto
1146 1571 1245 1611 magis
1275 1570 1483 1610 appretiatur,
1509 1573 1511 1612 ζ
1538 1578 1569 1602 et
1591 1570 1717 1601 difficile
1740 1571 1860 1610 species
1883 1577 1957 1601 sunt
1979 1571 2148 1611 possibilis·

420 1616 541 1659 quanto
567 1610 665 1660 magis
689 1611 775 1659 Deus
799 1618 932 1642 amatur.
958 1613 1256 1665 {Eteonsequenten
1272 1620 1393 1664 quanto
1417 1624 1484 1645 ma·
1509 1615 1511 1653 ξ
1583 1614 1860 1665 *Ad-solutionem
1882 1614 2012 1645 rationis
2041 1615 2335 1666 respondetur-per
2357 1616 2458 1647 idem:
2482 1615 2600 1667 scilieet

419 1655 1150 1737 {2135ss¹2223²ri¹1¹12⁵ni32⁰¹1¹323ffi1iss⁵31‘32²1‘ss
1170 1664 1483 1733 33⁵5?ssssss
1508 1666 1510 1751 j
1537 1659 1994 1734 qsszttsssmffssd‘zziissssgffl
2016 1659 2096 1733 ‚5¹33ss
2117 1659 2510 1734 ”2253ssssssssssssssssssss
2524 1670 2551 1734 ἲ
2565 1677 2599 1734 εἴ
2723 1681 2735 1695 ³

418 1741 468 1770 via
493 1751 616 1780 semper
640 1742 733 1772 habet
754 1742 908 1773 rationem
934 1745 1103 1783 possibiliS‚
1122 1712 1292 1777 conclude'}
1308 1712 1396 1786 qucbd
1420 1756 1483 1776 cre-
1507 1753 1509 1782 l
1536 1714 1605 1777 {tus
1629 1746 1737 1777 crescit
1760 1745 1958 1786 simpliciter3
1983 1752 2014 1777 et
2030 1713 2186 1777 cres'cefiite
2210 1746 2335 1778 caritate
2355 1747 2464 1778 crescit
2486 1739 2598 1788 appi&

419 1793 522 1815 scente
548 1786 673 1816 caritate
689 1786 785 1816 timor
809 1787 1014 1826 separationis
1038 1800 1055 1819 a
1071 1790 1140 1820 Deo
1158 1791 1267 1821 crescit
1290 1789 1481 1829 simpliciter,
1507 1784 1509 1806 ¹
1535 1791 1624 1821 tiatio
1641 1790 1856 1830 separationiS‚
1873 1800 1909 1820 ac
1924 1800 1981 1829 per
2003 1790 2064 1820 hoc
2081 1791 2177 1821 timor
2200 1791 2382 1830 simpliciter
2398 1791 2515 1822 crescit-¹
2530 1791 2599 1825 Nee

419 1839 454 1859 ex
478 1837 649 1869 augmento
673 1839 838 1861 mensurae
870 1831 1068 1872 simpliciter;
1094 1841 1124 1865 et
1154 1834 1342 1865 diminuitur
1372 1844 1482 1864 secun·
1506 1837 1508 1872 A*
1536 1836 1639 1865 obstat
1655 1833 1824 1864 diminutio
1847 1833 2022 1874 possibilis:
2046 1834 2122 1874 quia
2137 1844 2212 1865 cum
2227 1842 2400 1874 augmento
2415 1834 2598 1875 simpliciter

419 1874 496 1903 dum
513 1874 600 1914 quid,
617 1884 654 1924 ex
677 1874 888 1924 diminutione
905 1886 1070 1908 mensurae
1094 1879 1272 1909 secundum
1297 1878 1384 1918 quid,
1401 1878 1482 1908 scili·
1506 1889 1508 1927 ;
1535 1885 1596 1909 stat
1619 1877 1789 1928 diminutio
1814 1878 1992 1928 secundum
2014 1878 2101 1918 quid.
2127 1879 2167 1909 Et
2196 1879 2241 1909 sic
2263 1879 2360 1930 timor
2392 1879 2597 1920 separationis

418 1924 477 1991 {et-
490 1919 722 1968 possibilitatis,
746 1929 821 1993 qupi
838 1920 957 1993 tf¹¹if¹¹¹⁵
987 1922 1146 1961 possibilis
1166 1930 1212 1954 est
1243 1922 1419 1962 perfectiori
1449 1923 1481 1952 in
1506 1937 1508 1973 ᾗ
1534 1929 1692 1973 crescente
1722 1928 1866 1996 cmttatge
1877 1923 2447 1998 mgplffithrtiostegugigluffluffindgffp‘rg
2464 1933 2567 1998 iqua:
2590 1966 2594 1971 Δ
2679 1952 2681 1959 ,
2723 1946 2733 1965 (Ἴ

436 1969 542 1993 amate
588 1973 662 1993 uam
686 1973 730 1992 1111
755 1973 788 1993 er
802 1973 920 1994 ec10r1.
1533 1976 1706 1997 securiores
1730 1976 1789 1996 sun

471 2006 512 2036 Et
536 1973 586 2037 utq
602 2006 713 2037 clarius
732 1973 790 2038 Ifiat
820 2008 908 2048 quod
939 2008 1090 2046 dicimus,
1118 2010 1293 2041 declaratur
1323 2009 1480 2050 exemplo.
1505 1980 1507 2051 i
1532 2017 1604 2045 tate.
1618 2020 1655 2041 ex
1667 2009 1728 2041 hoc
1744 2010 1832 2051 quod
1849 2009 2092 2050 apprehendunt
2107 1977 2339 2052 separationem?
2359 2009 2484 2042 difficile
2502 2005 2596 2060 ρώῳ

418 2048 549 2080 Certum
582 2057 628 2081 est
658 2051 746 2091 quod
777 2058 897 2091 quanto
927 2052 1041 2093 aliquis
1065 2054 1165 2094 magis
1189 2054 1291 2094 diligit
1322 2054 1479 2091 amicum,
1505 2053 1508 2083 l
1534 2055 1667 2091 evenire,
1684 2060 1804 2085 attento
1828 2055 1915 2084 dono
1939 2053 2094 2094 perfectae
2118 2054 2252 2086 caritatis
2275 2059 2434 2095 percepto.
2512 2058 2525 2067 '¹

416 2099 503 2124 tanto
521 2095 620 2134 magis
635 2095 790 2135 appretiat
806 2096 987 2127 convictum
1012 2107 1086 2127 curn
1103 2098 1169 2134 illo,
1187 2109 1222 2129 ac
1238 2108 1294 2139 per
1309 2098 1371 2128 hoc
1391 2104 1480 2128 tanto
1504 2086 1506 2138 J

1160 2198 1478 2242 ARTICULUS
1507 2196 1844 2241 UNDECIMUS

1083 2272 1239 2302 UTRUM
1263 2273 1404 2304 TIMOR
1427 2274 1667 2322 REMANEAT
1692 2273 1735 2304 IN
1757 2272 1917 2302 PATRIA

179 2501 189 2511 ⁸
206 2500 270 2522 Vers.
285 2507 318 2529 33.

277 2537 293 2553 α

181 2878 188 2885 ”
204 2876 270 2897 Vera.
286 2881 305 2896 2.

183 3294 192 3303 ⁸
207 3293 244 3313 Ps.
255 3298 320 3319 xviii,
332 3298 391 3313 vere.
399 3288 408 3296 ”

445 2404 513 2459 fia-33⁵»
534 2407 553 2444 &s
568 2419 577 2427 f
629 2404 652 2428 D
664 2404 875 2429 UNDECIMUM
886 2404 940 2429 SIC
951 2404 1189 2431 paocamrua.
1200 2395 1359 2432 Videtur
1373 2396 1479 2444 quod

450 2432 744 2505 &timor
771 2457 850 2481 non
878 2454 1073 2482 remaneat
1101 2447 1138 2482 in
1165 2447 1299 2495 patria.
1336 2448 1480 2484 Dicitur

436 2500 474 2556 ,r

482 2512 558 2542 ᾔει,
580 2502 602 2542 f,
632 2497 732 2534 enim
751 2498 864 2534 Prov.
882 2510 891 2534 1
906 2498 937 2534 *t
954 2499 1196 2536 Abundantia
1217 2505 1233 2521 ‘²
1247 2501 1479 2549 perfruetur,

476 2525 575 2586 (ξίὲἷῖ)
590 2542 764 2587 Χτῐνηονε
791 2550 979 2587 malorum
1007 2552 1174 2588 sublato.-
1208 2553 1312 2600 quod
1346 2553 1480 2590 intelli-

416 2602 512 2649 gitur
531 2602 578 2638 de
597 2603 756 2639 homine
784 2603 861 2640 iam
886 2604 1069 2651 sapientia
1097 2605 1313 2653 perfruente
1333 2606 1371 2642 in
1392 2607 1480 2643 bea—

416 2655 771 2693 titudinetaeterna.
812 2657 888 2693 Sed
927 2657 1052 2693 omnis
1080 2658 1194 2694 timor
1232 2666 1287 2694 est
1323 2658 1480 2695 alicuius

417 2708 526 2744 mali:
561 2708 649 2756 quia
678 2710 823 2746 malum
853 2717 908 2746 est
937 2709 1130 2746 obiectum
1159 2711 1320 2758 timoris,
1350 2718 1392 2747 ut
1420 2724 1480 2748 su-

177 2774 388 2802 -An.2.5;12112=e,
416 2773 484 2809 pra
503 2759 524 2782 ³¹²
543 2761 685 2798 dictum
706 2769 772 2798 est.
804 2763 906 2810 Ergo
926 2763 1050 2799 nullus
1069 2763 1183 2799 timor
1205 2763 1272 2800 erit
1290 2763 1328 2800 in
1346 2764 1478 2812 patria.

179 2808 218 2829 qu.
234 2807 289 2827 uu,
304 2805 346 2822 art.
362 2807 377 2822 ι.

472 2826 506 2850 2.
536 2814 778 2860 PRAETEREA,
817 2815 994 2852 homines
1028 2815 1067 2852 in
1098 2816 1220 2864 patria
1258 2824 1366 2853 erunt
1394 2818 1479 2853 Deo

419 2867 656 2903 conformes:
687 2868 898 2904 secundum
926 2868 1015 2905 illud
1038 2870 1050 2904 I
1073 2870 1176 2905 Ioan.
1194 2881 1229 2905 111
1244 2868 1276 2905 *z
1301 2869 1396 2906 Cum
1416 2881 1480 2917 ap-

412 2920 596 2968 paruerit,
616 2920 754 2956 similes
773 2921 810 2956 ei
825 2921 980 2957 erimus.
1011 2921 1088 2958 Sed
1117 2923 1223 2958 Deus
1250 2921 1341 2958 nihil
1361 2922 1478 2958 timet.

419 2973 521 3019 Ergo
550 2972 727 3009 homines
761 2973 798 3009 in
826 2973 946 3021 patria
980 2986 1057 3010 non
1091 2974 1287 3011 habebunt
1314 2973 1479 3023 aliquem

419 3025 612 3062 timorem.

400 3100 415 3110 s
475 3078 509 3115 3.
532 3077 763 3124 PRAETEREA,
794 3090 880 3126 spes
901 3086 955 3115 est
974 3079 1175 3127 perfectior
1203 3091 1320 3128 quam
1349 3078 1479 3116 timor:

420 3130 508 3178 quia
529 3142 615 3178 spes
635 3138 691 3166 est
711 3139 884 3178 respectu
913 3132 1016 3178 boni,
1045 3132 1160 3168 timor
1183 3139 1356 3180 respectu
1377 3131 1478 3169 mali.

421 3183 498 3220 Sed
517 3195 604 3231 spes
624 3195 703 3219 non
732 3183 801 3219 erit
828 3184 864 3220 in
893 3185 1025 3232 patria.
1056 3185 1157 3232 Ergo
1187 3197 1258 3221 nec
1278 3184 1392 3221 timor
1412 3185 1480 3221 erit

420 3236 458 3272 in
485 3235 617 3285 patria.

474 3289 548 3325 SED
577 3299 723 3325 CONTRA
750 3299 816 3324 EST
844 3288 948 3336 quod
977 3289 1110 3326 dicitur
1137 3289 1175 3326 in
1195 3290 1335 3327 Psalm.
1355 3288 1395 3326 *ε
1421 3290 1480 3326 Ti-

421 3353 506 3378 mor
525 3341 682 3378 Domini
698 3347 847 3382 sanctus
861 3347 1063 3389 permanet
1079 3343 1116 3379 in
1135 3342 1326 3380 saeculum
1346 3340 1372 3379 β.

474 3456 500 3487 α)
520 3455 700 3480 Abundantia.
717 3467 736 3475 -
756 3455 821 3479 Cum
840 3454 1005 3479 abundantia
1023 3455 1274 3480 ABCDEFHKLn.

553 2331 576 2356 1³
596 2331 651 2360 11⁸²,
672 2339 716 2363 qu.
735 2338 810 2358 van,
831 2336 876 2355 art.
896 2339 921 2362 4,
941 2332 973 2355 ad
995 2339 1022 2361 2;
1042 2332 1073 2356 111
1093 2333 1176 2362 Sent„
1197 2334 1255 2358 dist.
1274 2341 1354 2365 miv,
1374 2342 1419 2367 qu.
1438 2342 1466 2365 11,
1486 2341 1533 2360 art.
1554 2333 1577 2366 3,
1597 2334 1646 2367 qu⁸
1665 2342 1695 2366 4;
1716 2333 1757 2358 De
1775 2333 1878 2362 Vir-tut„
1899 2341 1944 2365 qu.
1962 2341 1996 2364 w,
2016 2338 2062 2358 art.
2080 2341 2106 2364 4,
2126 2333 2157 2358 ad
2177 2341 2204 2363 2;
2223 2327 2255 2358 'In
2273 2333 2371 2359 Psatm.
2389 2341 2460 2360 xvm.

1585 2397 1810 2433 Resposnso
1841 2406 2024 2431 mCENDUM
2053 2395 2158 2443 quod
2186 2395 2302 2432 timor
2329 2395 2487 2443 servilis,
2513 2395 2594 2446 sive

1530 2449 1645 2485 timor
1672 2460 1834 2496 poenae,
1855 2447 1959 2484 nullo
1988 2444 2107 2484 modo
2136 2447 2205 2484 erit
2231 2447 2269 2485 in
2296 2447 2439 2497 patria:
2469 2448 2593 2486 exclu-

1531 2501 1630 2538 ditur
1659 2501 1760 2537 enim
1793 2500 1874 2537 talis
1901 2500 2018 2536 timor
2049 2513 2118 2549 per
2146 2500 2383 2537 securitatem
2418 2508 2592 2538 aeternae

1531 2553 1791 2599 beatitudinis,
1831 2565 1928 2602 quae
1958 2561 2013 2590 est
2047 2554 2094 2591 de
2123 2553 2239 2602 ipsius
2267 2553 2508 2591 beatitudinis
2537 2566 2592 2591 ra·

1530 2607 1645 2654 tione,
1668 2606 1761 2643 sicut
1788 2618 1903 2654 supra
1922 2605 1942 2628 *
1961 2606 2104 2643 dictum
2134 2613 2200 2643 est.
2230 2606 2366 2644 Timor
2393 2614 2521 2645 autem
2546 2647 2547 2651 ,
2578 2627 2593 2635 -

1530 2659 1635 2705 lialis,
1657 2659 1753 2695 sicut
1780 2666 1938 2705 augetur
1964 2666 2208 2707 augmentata
2237 2659 2401 2705 caritate,
2423 2659 2474 2696 ita
2501 2672 2522 2696 c

1531 2719 1607 2748 tate
1635 2712 1801 2760 perfecta
1838 2711 2065 2758 perficietur.
2104 2711 2215 2748 Unde
2253 2719 2332 2748 non
2368 2711 2525 2748 habebit
2555 2711 2593 2748 in

1531 2763 1652 2813 patria
1672 2763 1831 2800 omnino
1853 2763 2018 2800 eundem
2039 2770 2165 2800 actum
2186 2774 2299 2812 quern
2325 2765 2440 2801 habet
2458 2764 2590 2802 modo.

1585 2816 1647 2853 Ad
1675 2816 1781 2853 cuius
1809 2816 2041 2853 evidentiam
2071 2815 2269 2854 sciendum
2299 2822 2355 2854 est
2383 2816 2486 2866 quod
2504 2829 2592 2869 pro-

1532 2869 1659 2918 prium
1687 2869 1878 2906 obiectum
1907 2869 2052 2906 timoris
2077 2876 2132 2908 est
2151 2868 2293 2906 malum
2321 2868 2516 2918 possibile:
2545 2865 2594 2908 si-

1533 2930 1595 2958 cut
1613 2921 1811 2970 proprium
1832 2921 2024 2958 obiectum
2045 2922 2126 2970 spei
2150 2929 2206 2959 est
2229 2923 2382 2959 bonum·
2401 2922 2591 2971 possibiles

1533 2976 1582 3011 Et
1611 2987 1698 3011 curn
1729 2981 1855 3011 motus
1883 2974 2028 3011 timoris
2057 2974 2102 3011 sit
2130 2975 2236 3023 quasi
2265 2975 2386 3023 fugae,
2414 2975 2594 3024 importat

1533 3027 1648 3064 timor
1675 3027 1804 3075 fugam
1834 3027 1923 3064 mali
1951 3027 2058 3065 ardui
2087 3027 2298 3076 possibilis:
2335 3038 2457 3077 parva
2490 3027 2592 3067 enirn

1533 3081 1634 3117 mala
1652 3080 1829 3117 timorem
1849 3092 1928 3117 non
1946 3080 2141 3118 inducunt.
2172 3080 2278 3118 Sicut
2298 3088 2426 3118 autem
2445 3081 2592 3121 bonum

1532 3133 1831 3180 uniuscuiusque
1859 3141 1916 3170 est
1942 3140 1983 3169 ut
2010 3133 2048 3170 in
2068 3146 2138 3170 suo
2169 3130 2302 3171 ordine
2331 3133 2524 3181 consistat,
2543 3133 2594 3171 ita

1533 3187 1678 3222 malum
1706 3185 2004 3234 uniuscuiusque
2033 3194 2089 3222 est
2116 3194 2157 3222 ut
2184 3197 2296 3223 suum
2325 3186 2500 3224 ordinem
2529 3186 2594 3223 de·

1534 3246 1643 3275 serat.
1675 3239 1782 3276 Ordo
1812 3246 1939 3275 autern
1969 3246 2160 3275 creaturae
2190 3239 2378 3276 rationalis
2407 3246 2463 3276 est
2489 3246 2532 3276 ut
2548 3238 2595 3275 sit

1534 3292 1604 3328 sub
1632 3291 1717 3327 Deo
1748 3298 1784 3327 et
1812 3303 1925 3340 supra
1954 3298 2097 3328 ceteras
2127 3298 2326 3328 creaturas.
2360 3291 2472 3328 Unde
2500 3289 2594 3328 sicut

1533 3344 1678 3380 malum
1709 3351 1902 3381 creaturae
1931 3344 2122 3382 rationalis
2142 3351 2196 3382 est
2215 3351 2256 3382 ut
2275 3342 2412 3382 subdat
2430 3356 2471 3382 se
2491 3355 2593 3381 crea-

1568 3455 1593 3488 β)
1608 3459 1759 3487 permanet.
1768 3463 1954 3488 —permanens
1965 3454 2001 3486 A;
2015 3461 2075 3489 post
2083 3457 2225 3487 saeculnm,
2234 3456 2334 3482 saecuh'
2345 3457 2443 3482 addunt
2451 3457 2593 3482 AGHLuK.

2620 2622 2628 2631 ·
2635 2621 2684 2650 Qu.
2690 2625 2833 2650 xvru,m.3;

2620 2647 2644 2669 1·
2661 2647 2723 2674 11⁸⁸,
2743 2654 2782 2676 qu.
2803 2654 2831 2675 v,
