2892 4056
181 692 192 703 ¹*
204 691 276 714 Num.
287 692 393 719 praeced.

182 945 190 954 ”
204 945 262 966 Ibid.

423 214 471 248 86

422 291 521 332 figura
545 293 648 333 specie
671 292 826 324 differunt.
851 294 891 324 Et
913 294 984 324 licet
1003 293 1079 323 fides
1103 293 1308 333 antiquorum
1329 301 1359 324 et
1375 301 1480 325 nostra

423 337 461 366 sit
485 337 626 367 eiusdem
646 337 770 376 speciei,
788 344 916 377 propter
933 338 1084 367 unitatem
1101 337 1230 373 obiecti;
1255 337 1420 368 infidelitas
1436 345 1480 369 ta-

422 390 495 410 men
520 381 668 421 opposita
691 380 763 411 fidei
787 381 948 420 explicitae
968 380 1140 420 Evangelii,
1165 387 1195 411 et
1217 380 1289 411 fidei
1312 381 1481 422 implicitae

423 424 574 460 eiusdem,
599 432 672 455 sunt
696 425 888 455 diversarum
911 425 1082 455 rationum.
1107 424 1200 461 Quia,
1218 432 1253 455 ut
1267 425 1299 455 in
1316 426 1416 456 littera
1437 426 1480 456 di-

423 468 502 499 citur
525 469 557 498 in
574 468 779 508 responsione
795 469 834 498 ad
848 468 999 509 primum,
1017 468 1104 498 aliter
1123 468 1222 499 utitur
1240 469 1327 505 fides,
1348 477 1378 500 et
1393 470 1481 500 aliter

421 511 596 549 infidelitas,
621 512 759 542 illovuno
777 513 900 543 obiecto
925 512 1011 542 fidei:
1038 522 1110 541 nam
1134 511 1210 543 fides
1235 513 1426 544 convertitur
1442 514 1479 543 ad

421 556 510 592 illud,
535 556 701 586 infidelitas
725 556 873 586 avertitur
896 557 933 586 ab
958 556 1023 586 illo.
1049 556 1088 586 Et
1111 556 1184 586 ideo
1208 557 1260 587 illa
1284 557 1393 597 recipit
1415 568 1479 587 me-

421 600 480 630 rito
496 600 569 630 inde
587 600 754 630 unitatem:
775 600 851 630 haec
868 610 943 635 non,
961 600 1014 629 sed
1032 610 1067 629 ex
1084 600 1159 639 ipsis
1177 600 1304 631 diversis
1320 601 1479 632 sententiis

422 644 583 674 contrariis
606 643 722 682 figurae
739 651 769 674 et
784 643 903 674 veritati
921 651 1054 683 apertae,
1071 644 1110 673 ad
1127 654 1207 684 quas
1223 644 1389 675 infidelitas
1406 656 1479 676 con—

420 688 557 718 vertitur.
580 688 644 717 lam
661 688 744 717 enim
755 687 772 706 *
789 695 952 718 ostensum
969 695 1014 718 est
1030 688 1119 728 quod
1136 695 1209 718 sunt
1225 689 1416 719 diversarum
1433 700 1480 719 ra—

420 731 554 762 tionum.

476 776 514 804 Et
538 775 577 804 ad
601 775 722 804 obiecta
746 775 778 804 in
803 775 988 814 oppositum
1013 775 1125 805 dicitur
1149 776 1236 816 quod
1257 775 1357 816 figura
1380 785 1414 808 ut
1436 776 1478 807 sic

420 826 449 849 et
473 818 642 858 figuratum
665 826 738 849 sunt
761 819 903 849 eiusdem
928 819 1056 849 rationis
1077 819 1240 850 referendo
1262 821 1301 850 ad
1318 830 1384 851 rem
1400 820 1479 860 figu-

419 870 534 892 ratam:
560 872 624 892 non
641 869 748 893 autern
771 863 810 892 ad
834 864 949 893 modos
973 863 1118 900 habendi,
1139 870 1268 904 propter
1283 875 1365 905 quos
1380 865 1478 895 diver-

419 907 541 936 simode
564 906 694 937 ferimur
709 907 742 936 in
757 907 963 937 violationem
982 907 1146 948 utriusque
1163 908 1378 948 professionis,
1400 909 1479 940 sicut

417 950 449 980 in
474 957 649 980 extremum
665 957 696 981 et
718 951 870 987 medium,
888 958 923 982 ut
939 952 1132 982 declaratum
1156 959 1201 983 est
1217 952 1242 983 *.
1259 970 1280 976 —
1296 954 1361 984 Nec
1377 954 1480 984 obstat

418 995 599 1035 exemplum
612 996 650 1025 de
666 995 848 1026 seminibus.
867 995 950 1033 Quia
967 996 1038 1026 licet
1050 997 1164 1027 herbae
1180 1003 1210 1027 et
1225 1006 1358 1036 granum
1377 998 1479 1038 specie

366 1072 371 1075 ¹
418 1039 660 1079 distinguantur,
685 1039 717 1080 in
742 1040 852 1069 ordine
876 1048 981 1071 tamen
1005 1040 1044 1070 ad
1068 1041 1222 1071 damnum
1242 1041 1318 1072 laesi
1333 1052 1398 1072 non
1418 1042 1478 1072 dis-

177 1834 188 1843 '
203 1835 271 1856 Num.
287 1840 312 1861 ιι,
328 1840 362 1856 ιιι.

173 2684 386 2708 'VideCommen1.

174 2713 245 2735 Caiet.
268 2717 322 2741 post
344 2717 386 2734 nrt.

175 2745 259 2787 ἔταξα,
253 2745 354 2767 y,rtumv
362 2739 386 2760 in

275 2896 291 2912 α

275 2991 289 3025 β

417 1082 606 1122 tinguuntur
634 1083 693 1113 nisi
721 1084 897 1114 secundum
926 1084 1025 1124 magis
1049 1091 1079 1115 et
1101 1085 1223 1115 minus:
1249 1094 1279 1116 et
1302 1087 1477 1116 secundum

416 1127 511 1157 talem
528 1127 672 1157 ordinem
689 1128 928 1159 considerantur
943 1128 974 1157 in
992 1128 1174 1159 moralibus.
1192 1148 1211 1151 -
1226 1130 1347 1170 Negare
1371 1137 1477 1161 autem

417 1171 570 1211 principia
594 1178 624 1202 et
647 1172 867 1202 conclusiones
884 1172 1000 1202 falsum
1017 1179 1063 1202 est
1086 1174 1174 1213 quod
1198 1173 1259 1204 sint
1275 1174 1416 1204 eiusdem
1433 1185 1478 1205 ra-

417 1215 528 1245 tionis:
553 1216 707 1256 quoniam
736 1216 972 1260 distinguuntur
1004 1217 1185 1256 negationes
1217 1227 1313 1257 penes
1343 1218 1477 1248 affirma-

417 1267 528 1290 tiones,

471 1304 522 1334 1v.
548 1304 583 1333 In
606 1303 720 1334 eodem
736 1304 848 1344 quinto
873 1304 1004 1334 articulo
1022 1304 1155 1334 dubium
1172 1305 1317 1341 occurrit,
1334 1315 1373 1334 an
1390 1315 1476 1345 prae-

416 1354 461 1378 ter
485 1349 540 1378 has
564 1355 625 1378 tres
649 1347 767 1387 species
790 1347 979 1378 infidelitatis
1004 1347 1065 1378 sint
1088 1347 1165 1378 aliae
1189 1348 1317 1387 species.
1342 1349 1383 1379 Et
1398 1349 1477 1379 ratio

417 1392 504 1422 dubii
521 1402 557 1422 ex
573 1391 673 1422 littera
689 1398 744 1422 est.
770 1392 857 1421 Tum
873 1392 947 1431 quia
964 1391 1077 1421 dicitur
1096 1392 1184 1431 quod
1199 1392 1232 1421 in
1251 1393 1388 1432 generali
1404 1403 1476 1433 pos-

416 1443 490 1466 sunt
512 1436 570 1465 hae
586 1442 647 1465 tres
663 1435 781 1475 species
805 1435 972 1475 assignari:
999 1435 1132 1466 dicendo
1149 1437 1180 1466 in
1197 1438 1355 1476 generali,
1375 1447 1392 1467 a
1408 1448 1477 1478 spe-

415 1480 521 1510 ciebus
544 1478 775 1519 specialissimis
799 1489 831 1509 se
855 1489 1068 1519 praeservasse
1091 1479 1225 1511 videtur.
1251 1498 1271 1503 —
1292 1481 1379 1511 Tum
1403 1482 1496 1522 quia·

414 1523 580 1554 infidelitas
603 1523 771 1563 gentilium
793 1523 826 1553 in
849 1524 950 1554 littera
973 1524 1133 1564 sequentis
1156 1524 1277 1555 articuli
1302 1525 1415 1556 dicitur
1441 1525 1476 1556 fi-

416 1569 488 1599 dem
515 1567 678 1607 Evangelii
709 1568 797 1598 nullo
828 1569 921 1598 modo
951 1568 1134 1608 suscepisse.
1170 1569 1217 1598 Ex
1240 1579 1307 1609 quo
1337 1570 1478 1610 arguitur

415 1613 503 1654 quod
527 1611 692 1642 infidelitas
716 1618 816 1641 sectae
839 1612 1025 1648 Mahumeti,
1043 1612 1116 1652 quia
1133 1612 1294 1652 Evangelii
1313 1612 1409 1644 fidem
1426 1624 1477 1645 su-

415 1657 533 1697 scipere
549 1655 723 1696 profitetur,
741 1656 886 1696 quamvis
902 1656 980 1686 illud
1004 1663 1168 1696 pervertat,
1186 1657 1244 1687 sub
1261 1657 1348 1687 nulla
1364 1658 1475 1689 harum

414 1701 591 1742 specierum
614 1700 826 1730 contineatur:
852 1710 887 1730 ac
910 1710 965 1740 per
988 1700 1050 1730 hoc
1072 1701 1163 1731 detur
1189 1701 1247 1731 alia
1267 1701 1385 1741 species
1408 1702 1475 1732 infi-

415 1745 548 1775 delitatis
572 1750 693 1784 praeter
715 1744 798 1774 istas.

469 1789 520 1819 Ad
535 1788 597 1818 hoc
613 1788 746 1818 breviter
761 1788 874 1818 dicitur
888 1788 987 1828 quod,
1005 1788 1080 1828 quia
1096 1788 1182 1818 nulla
1199 1796 1328 1828 apparet
1342 1790 1475 1821 latitudo

414 1843 451 1864 ex
463 1839 550 1873 parte
566 1832 680 1862 obiecti
696 1832 755 1861 nisi
772 1841 853 1872 quae
868 1832 950 1862 dicta
966 1839 1012 1862 est
1022 1831 1048 1868 *,
1063 1839 1093 1862 et
1107 1842 1188 1872 quae
1204 1833 1379 1863 secundum
1395 1834 1476 1864 mul-

413 1877 640 1917 tiplicationem
655 1876 880 1906 sententiarum
906 1875 1133 1906 contrariarum
1149 1875 1222 1906 fidei
1237 1875 1281 1913 fit,
1298 1884 1328 1908 et
1344 1884 1476 1919 utraque

413 1922 446 1952 in
469 1921 570 1952 littera
593 1920 748 1960 tangitur;
773 1928 802 1951 et
826 1930 922 1960 penes
945 1920 1081 1960 primam
1101 1930 1166 1950 non
1181 1921 1287 1961 plures
1303 1931 1401 1962 quam
1415 1929 1476 1953 tres

414 1965 602 1996 differentiae
618 1964 766 1994 formales
790 1964 964 2004 assignatae
981 1971 1161 2004 appareant,
1179 1975 1252 1995 cum
1268 1965 1301 1996 in
1318 1966 1407 1996 nullo
1425 1977 1476 2007 ap-

414 2016 520 2050 pareat
549 2009 683 2039 latitudo
714 2008 773 2038 nisi
804 2008 971 2039 materialis
1000 2007 1134 2050 (sentire
1167 2009 1252 2039 enim
1283 2010 1473 2041 contrarium

413 2053 576 2093 Evangelii
592 2052 725 2093 professi
749 2062 850 2083 unum
874 2052 1007 2083 formale
1023 2059 1078 2088 est,
1096 2060 1126 2084 et
1142 2053 1185 2083 sic
1202 2054 1240 2084 de
1257 2052 1354 2096 aliis);
1380 2064 1475 2094 penes
1501 2063 1502 2074 ³

413 2098 587 2129 secundam
611 2104 718 2128 autem
742 2096 881 2127 infinitae
905 2097 1023 2137 species
1048 2097 1289 2134 constituantur,
1308 2108 1390 2139 quae
1410 2109 1473 2129 non

414 2149 487 2173 sunt
501 2149 567 2172 tam
583 2142 701 2182 species
716 2151 814 2181 quam
829 2141 1020 2181 privationes
1037 2141 1230 2172 diversarum
1250 2142 1474 2173 sententiarum

413 2187 590 2217 secundum
614 2185 752 2226 speciem
775 2185 998 2226 requisitarum
1022 2185 1061 2215 ad
1084 2185 1294 2226 integritatem
1317 2186 1407 2217 fidei:
1432 2187 1475 2217 id-

412 2231 494 2261 circo
519 2236 640 2270 praeter
663 2229 836 2270 praedictas
860 2236 921 2260 tres
943 2229 1062 2269 species
1079 2230 1271 2270 simpliciter,
1289 2237 1319 2261 et
1337 2230 1474 2262 infinitas

412 2275 444 2305 in
468 2284 580 2314 genere
603 2274 688 2310 mali,
712 2273 814 2304 nullas
838 2273 912 2303 alias
936 2273 1037 2304 video.

468 2319 519 2349 Ad
541 2318 682 2358 primum
705 2317 786 2357 ergo'
803 2318 836 2347 in
860 2317 1047 2358 oppositum
1071 2318 1185 2348 dicitur
1201 2319 1290 2359 quod
1313 2319 1344 2359 ly
1368 2320 1400 2349 in
1416 2329 1474 2360 ge-

1144 215 1409 261 QUAESTIO
1439 218 1490 263 X,
1521 217 1814 254 ARTICULUS
1843 218 1892 253 VI

1533 295 1638 325 nerali
1661 305 1726 324 non
1751 295 1863 325 dicitur
1887 296 1925 325 ad
1956 298 2220 335 praeservandum
2243 309 2274 329 se
2298 309 2316 329 a
2340 299 2588 339 specialissimiS,

1533 339 1607 379 quia
1638 339 1715 369 liber
1737 338 1794 368 iste
1822 339 1861 368 de
1892 339 2122 378 specialissimis
2145 348 2207 372 est.
2231 343 2286 374 sed
2309 344 2349 373 ad
2372 343 2591 374 denotandum

1533 383 1668 412 modum
1692 381 1851 412 diversum
1873 382 1905 412 in
1930 382 1977 413 his
2001 383 2168 435 speciebus
2188 392 2218 416 et
2239 385 2270 416 in
2295 386 2362 417 aliis
2386 397 2466 428 quae
2490 394 2589 418 atten-

1533 427 1651 456 duntur
1674 435 1769 465 penes
1794 426 2031 466 corruptionem
2053 427 2288 468 requisitorum.
2313 431 2396 461 Nam
2418 431 2495 462 istae
2515 431 2589 462 assi-

1532 477 1667 509 gnantur
1690 479 1785 509 penes
1810 470 1976 501 sententias
2007 470 2104 501 fidem
2127 481 2363 513 corrumpentes
2387 474 2420 505 in
2443 474 2588 515 speciali:

1532 514 1591 543 alia
1615 513 1699 543 enim
1731 514 1850 553 species
1878 514 1952 544 mali
1984 521 2030 544 est
2062 524 2174 555 negare
2203 516 2335 548 Verbum
2360 528 2436 549 caro
2457 518 2588 559 factum

1532 563 1588 595 est,
1614 565 1643 588 et
1666 557 1726 587 alia
1749 558 1854 588 Natus
1877 568 1918 588 ex
1940 559 2050 589 Μανία
2075 559 2214 600 Virgine,
2232 567 2263 591 et
2282 561 2326 592 sic
2349 562 2387 592 de
2402 562 2485 598 aliis;
2511 562 2591 592 sicut

1531 602 1633 641 specie
1658 601 1894 641 distinguuntur
1922 602 2008 642 ipsae
2032 603 2202 633 sententiae
2225 614 2305 644 quae
2329 612 2491 645 negantur.
2516 606 2590 636 Illae

1532 653 1637 675 autem
1662 646 1701 675 ad
1724 646 1892 676 sententias
1916 647 1948 676 in
1972 647 2074 687 specie
2098 657 2163 677 non
2187 648 2389 685 descendunt,
2414 650 2469 680 sed
2490 650 2523 680 in
2540 660 2589 689 ge-

1531 689 1627 719 nerali
1647 690 1833 720 sententiam
1856 689 1928 720 fidei
1952 691 2141 721 contrariam
2164 692 2374 729 attendentes,
2398 703 2494 733 penes
2518 704 2589 734 pro-

1531 733 1651 764 fessum
1674 734 1722 764 vel
1745 744 1811 764 non
1835 734 2015 774 professum
2039 745 2115 771 esse,
2140 742 2175 766 ut
2199 736 2391 767 declaratum
2414 744 2459 767 est
2473 737 2500 773 *,
2525 738 2588 767 dis-

1530 777 1728 817 tinguuntur.
1753 778 1793 809 Et
1816 778 1876 808 hoc
1900 779 2038 809 insinuat
2060 779 2092 820 ly
2116 780 2148 809 in
2171 780 2327 820 generali.

1584 822 1635 852 Ad
1658 822 1830 852 secundam
1853 829 1959 853 autem
1984 823 2195 853 obiectionem
2219 823 2332 854 dicitur
2354 824 2444 864 quod
2462 834 2528 854 non
2543 825 2588 854 di—

1531 865 1610 895 citur
1629 866 1789 905 professus
1810 867 2018 906 Evangelium
2035 867 2092 898 nisi
2112 868 2166 908 qui
2183 868 2392 908 Evangelium
2408 868 2591 908 simpliciter

1531 909 1705 949 profitetur.
1736 910 1832 947 Quod
1857 918 1922 941 non
1946 910 1981 942 fit
2003 911 2062 941 nisi
2095 911 2270 952 baptismus
2293 912 2326 942 in
2349 911 2412 942 fide
2434 911 2590 942 Ecclesiae

1531 954 1728 994 suscipiatur.
1761 955 1800 985 Et
1823 962 1989 994 propterea
2020 955 2251 992 Mahumetani,
2275 956 2331 996 qui
2359 956 2438 986 illud
2465 962 2591 986 tantum

1531 999 1619 1038 quod
1643 999 1706 1029 dux
1734 1008 1846 1029 eorum
1876 1000 1914 1029 de
1943 999 2115 1039 Evangelio
2140 1007 2170 1030 et
2199 1001 2237 1030 de
2261 1000 2329 1040 lege
2355 999 2460 1040 Moysi
2489 999 2593 1030 voluit

1530 1043 1716 1083 suscipiunt,
1741 1050 1771 1073 et
1794 1049 1943 1074 neutrum
1966 1043 2148 1083 simpliciter
2167 1043 2363 1084 profitentur,
2384 1044 2443 1074 sub
2459 1042 2590 1074 infideli-

1529 1093 1592 1117 tate
1616 1096 1812 1126 paganorum
1829 1087 2151 1127 comprehenduntur,
2168 1089 2322 1129 nulloque
2338 1088 2438 1118 modo
2462 1097 2557 1128 supra
2571 1087 2589 1106 '¹‘

1530 1130 1697 1167 dictorum,
1722 1130 1839 1161 scilicet
1861 1131 2003 1171 explicite
2028 1132 2076 1161 vel
2100 1132 2132 1162 in
2154 1131 2270 1172 figura,
2294 1131 2467 1172 suscepisse
2492 1131 2592 1162 Evan-

1529 1175 1648 1214 gelium
1665 1174 1812 1206 dicuntur
1834 1174 1866 1204 in
1889 1175 1999 1206 littera.
2025 1175 2091 1206 Soli
2108 1176 2192 1206 enim
2207 1176 2272 1207 duo
2289 1176 2376 1207 modi
2393 1175 2594 1206 constituunt-

1530 1218 1740 1248 diversitatem
1763 1218 1929 1248 formalem
1953 1219 2143 1258 suscipiendi
2168 1220 2223 1260 qui
2243 1220 2308 1250 soli·
2317 1220 2516 1251 constituunt
2535 1220 2591 1250 ali-

1530 1272 1627 1302 quam
1651 1271 1758 1291 veram
1781 1261 2011 1301 professionem
2033 1262 2117 1293 fidei.
2500 1282 2508 1285 —

1584 1306 1622 1335 V.
1640 1306 1674 1335 In
1691 1305 1805 1335 eodem
1821 1305 1953 1339 articulo
1970 1305 2094 1346 quinto,
2110 1307 2142 1336 in
2159 1307 2364 1346 responsione
2381 1308 2421 1338 ad
2436 1307 2587 1347 primum.

1529 1355 1604 1379 nota
1628 1349 1717 1389 quod
1739 1349 1792 1379 illa
1807 1350 1901 1379 verba
1920 1359 2001 1390 quae
2018 1349 2166 1381 dicuntur
2183 1350 2227 1381 ibi
2243 1351 2281 1381 de
2305 1351 2482 1382 diversitate
2501 1351 2592 1382 vitio-

1529 1403 1601 1423 rum
1625 1393 1851 1434 oppositorum
1875 1393 1994 1424 caritati
2018 1393 2073 1424 uni
2097 1400 2128 1424 et
2150 1393 2252 1424 eidem
2275 1394 2392 1431 virtuti,
2416 1395 2596 1428 secundun

1530 1439 1766 1468 conversionem
1782 1437 1826 1467 ad
1847 1437 1975 1468 diversa
1990 1437 2071 1468 bona
2088 1439 2286 1478 temporalia,
2308 1444 2338 1469 et
2349 1440 2464 1469 iterum
2480 1446 2596 1469 secum·

1529 1482 1604 1512 dum
1628 1482 1773 1512 diversas
1795 1481 1995 1512 habitudines
2017 1482 2219 1513 inordinatas
2233 1483 2276 1513 ad
2288 1483 2407 1520 Deum,
2422 1482 2495 1514 licet
2508 1482 2595 1513 sotto

1530 1526 1646 1566 exponi
1669 1526 1791 1566 possint
1814 1525 2039 1566 multipliciter,
2064 1527 2240 1557 secundum
2263 1533 2369 1558 tamen
2393 1527 2526 1567 planum
2541 1526 2596 1557 lit—-

1530 1577 1613 1600 terae
1629 1580 1758 1600 sensum
1774 1577 1951 1600 monstrant
1967 1570 2048 1600 duos
2064 1571 2180 1601 modos
2195 1571 2427 1612 multiplicandi
2441 1571 2494 1602 illa
2505 1571 2590 1602 vitia.

1530 1615 1571 1645 Et
1593 1615 1678 1645 iuxta
1708 1614 1884 1644 secundum
1917 1615 2051 1644 modum
2083 1615 2320 1646 constituuntur
2343 1615 2454 1646 odium
2477 1615 2538 1646 Dei
2560 1621 2596 1648 et

1530 1658 1654 1694 acedia,
1678 1658 1763 1689 iuxta
1786 1658 1926 1708 primum
1954 1668 2028 1688 vero
2059 1659 2179 1699 reliqua
2201 1659 2290 1696 vitia,
2315 1659 2432 1691 scilicet
2454 1658 2590 1695 invidia,

1531 1703 1696 1738 discordia,
1717 1702 1889 1738 contentio,
1905 1702 2052 1741 schisma,
2068 1709 2141 1739 etc.;
2166 1704 2205 1734 de
2220 1703 2360 1744 quibus
2352 1713 2385 1734 m
2400 1709 2539 1761 tractatu
2549 1704 2595 1734 de.

1531 1747 1656 1777 caritate
1679 1746 1736 1777 erit
1759 1746 1902 1786 specialis
1925 1756 2030 1777 sermo
2053 1725 2184 1777 inferius
2201 1746 2229 1778 θ.
2535 1767 2537 1769 -
2579 1762 2582 1769 2

1586 1791 1620 1821 In
1645 1791 1758 1821 eodem
1781 1790 1894 1841 quinto
1917 1791 2049 1822 articulo
2073 1798 2150 1822 nota
2165 1798 2334 1832 utramque
2349 1760 2567 1823 solutionem
2557 1800 2596 1821 m

1529 1835 1735 1885 responsione
1759 1834 1798 1864 ad
1821 1835 1959 1866 tertium.
1983 1835 2066 1865 Nam
2089 1835 2192 1875 prima
2210 1836 2344 1866 deservit
2359 1835 2523 1886 speciebus
2538 1835 2594 1865 de-

1529 1878 1702 1909 terminatis
1725 1877 1951 1915 infidelitatis,·
1943 1889 1976 1909 in
1992 1889 2128 1920 quarum
2147 1880 2287 1920 qualibet
2303 1878 2457 1920 contingit
2471 1879 2595 1911 multoe

1529 1932 1596 1953 esse
1620 1932 1738 1953 errores
1761 1922 1794 1952 in
1817 1922 1927 1953 ordine
1950 1923 1990 1953 ad
2014 1932 2116 1954 unum
2139 1923 2280 1963 primum
2302 1924 2473 1960 obiectum,
2490 1927 2592 1964 aquo

1527 1966 1694 1997 infidelitas
1717 1967 1770 1996 illa
1786 1966 1883 1997 sumit
1906 1967 2060 2007 speciem:
2086 1967 2167 1998 sicut
2181 1977 2198 1998 e
2214 1976 2368 1999 converso
2384 1967 2417 1998 in
2438 1967 2504 1998 fide
2514 1974 2592 1998 eon*

1528 2011 1625 2051 tingit
1636 2021 1702 2041 esse
1725 2011 1841 2041 multas
1857 2011 2010 2042 veritates.
2035 2011 2180 2042 Secunda
2197 2019 2306 2042 autem
2321 2011 2455 2043 deservit
2473 2011 2595 2052 specie-1

1529 2056 1588 2085 bus
1608 2054 1738 2086 infinitis
1753 2054 1954 2086 infidelitatis.
1979 2055 2134 2093 Quamvis
2150 2055 2312 2096 contingat
2335 2056 2431 2087 etiam
2452 2055 2592 2088 eundem

1529 2099 1624 2130 simul
1647 2099 1791 2139 pluribus
1821 2099 2036 2131 determinatis
2059 2100 2224 2140 speciebus
2247 2099 2448 2131 infidelitatis>
2461 2099 2590 2131 irretiri:

1529 2150 1574 2179 ut,
1591 2143 1616 2173 si
1632 2143 1670 2174 de
1694 2143 1874 2174 Christiano
1897 2142 1952 2174 fiat
1975 2144 2119 2180 Iudaeus,
2134 2154 2207 2175 reus
2231 2144 2290 2175 erit
2310 2143 2447 2175 haeresis
2469 2145 2592 2176 ratione

1527 2187 1601 2217 fidei
1623 2187 1830 2227 Evangelicae
1852 2194 1927 2228 post
1950 2187 2018 2218 eius
2041 2187 2273 2228 professionem
2295 2194 2436 2230 negatae,
2453 2194 2484 2219 et
2499 2187 2591 2229 perfi-

1529 2231 1597 2261 diae
1622 2231 1764 2262 Iudaicae
1795 2231 1915 2262 ratione
1946 2231 2153 2272 professionis
2183 2232 2327 2263 Iudaicae
2357 2233 2591 2273 corrumpentis

1527 2274 1662 2315 figuram
1685 2275 1858 2316 Evangelii.
2176 2294 2181 2298 -

1585 2319 1626 2350 Et
1649 2319 1804 2351 sufficiant
1827 2320 1903 2350 haec
1927 2320 2023 2351 etiam
2046 2330 2105 2360 pro
2130 2327 2217 2351 sexto
2242 2320 2385 2351 articulo.

1224 2448 1540 2491 ARTICULUS
1570 2449 1778 2491 SEXTUS

687 2531 842 2561 UTRUM
867 2530 1135 2561 INFJDELITAS
1160 2531 1400 2562 GENTILIUM
1424 2533 1505 2563 SEU
1528 2533 1798 2564 PAGANORUM
1821 2533 1887 2564 SIT
1912 2533 2094 2564 CETEms
2118 2533 2312 2565 GRAvioa

1333 2609 1408 2638 Infra,
1427 2617 1472 2642 qu.
1489 2617 1556 2641 xcxv,
1576 2615 1623 2635 art.
1645 2610 1667 2635 3.

591 2702 597 2713 1
624 2692 645 2717 D
663 2691 802 2716 SEXTUM
822 2691 874 2716 sm
894 2690 1122 2716 paocamrua
1141 2678 1172 2716 ³¹³.
1188 2679 1348 2717 Videtur
1367 2681 1470 2729 quod

536 2730 537 2737 ’
596 2748 600 2751 »
564 2731 823 2777 ιηλίηῇἀεΙὶῖεε
852 2731 1045 2780 gentilium
1065 2732 1144 2769 sive
1165 2744 1403 2781 paganorum
1427 2733 1473 2770 sit

429 2801 541 2844 μὴν
548 2724 774 2834 ῖςτεινὶοι
806 2785 949 2822 ceteris.
990 2785 1094 2822 Sicut
1131 2785 1231 2822 enirn
1267 2786 1472 2834 corporalis

460 2742 782 2875 mmorbus
806 2846 911 2875 tanto
937 2845 992 2874 est
1015 2837 1168 2885 gravior
1195 2846 1338 2885 quanto
1363 2838 1472 2875 saluti

413 2852 686 2939 principalioris
705 2891 867 2928 membri
889 2890 1136 2928 contrariatur
1156 2896 1185 2938 α,
1202 2891 1252 2928 ita
1272 2898 1471 2940 peccatum

413 2951 517 2981 tanto
536 2943 687 2981 videtur
715 2956 796 2980 esse
821 2944 971 2992 gravius
999 2951 1142 2992 quanto
1173 2943 1418 2981 contrariatur
1438 2944 1472 2980 ei

415 2997 517 3045 quod
539 3005 592 3033 est
612 2997 850 3045 principalius
869 2997 907 3033 in
925 2997 1074 3034 virtute.
1105 2997 1183 3034 Sed
1201 2996 1443 3046 principalius
1457 2994 1472 3025 β

414 3050 453 3086 in
480 3049 556 3086 fide
586 3057 642 3086 est
669 3049 764 3086 fides
783 3049 934 3086 unitatis
964 3049 1126 3097 divinae,
1147 3062 1170 3086 a
1188 3062 1264 3098 qua
1288 3049 1473 3087 ‘deficiunt

414 3102 586 3150 gentiles,
620 3102 899 3139 multitudinem
933 3102 1093 3139 deorum
1129 3104 1335 3140 credentes.
1369 3103 1471 3150 Ergo

415 3167 549 3192 eorum
578 3154 777 3191 infidelitas
807 3162 861 3191 est
888 3155 1120 3202 gravissima.

470 3219 504 3244 2.
534 3208 774 3254 PRAETEREA‚
813 3207 908 3245 inter
936 3207 1146 3245 haereticos
1174 3215 1278 3245 tanto
1307 3208 1473 3244 haeresis

415 3260 628 3310 aliquorum
660 3259 914 3297 detestabilior
934 3268 989 3297 est
1017 3268 1158 3309 quanto
1182 3261 1221 3298 in
1248 3260 1418 3310 pluribus
1439 3268 1474 3297 et

1525 2681 1692 2719 haeresis
1712 2681 1803 2729 Arii,
1824 2681 1888 2731 qui
1907 2686 1923 2710 Υ
1941 2682 2132 2731 separavit
2155 2682 2404 2743 divinitatem,
2429 2684 2591 2723 detesta-

1526 2734 1633 2770 bilior
1662 2734 1729 2770 fuit
1756 2746 1872 2784 quam
1901 2735 2068 2773 haeresis
2097 2734 2276 2782 Nestorii,
2307 2736 2372 2786 qui
2399 2738 2591 2786 separavit

1526 2786 1802 2824 humanitatem
1836 2786 1973 2824 Christi
2010 2800 2033 2824 a
2069 2800 2234 2836 persona
2271 2788 2354 2826 Filii
2386 2789 2470 2826 Dei.
2510 2790 2589 2829 Sed

1526 2839 1681 2887 gentiles
1713 2839 1751 2875 in
1779 2839 1949 2887 pluribus
1982 2848 2019 2877 et
2045 2841 2375 2889 principalioribus
2407 2842 2589 2882 recedunt

1527 2904 1548 2928 a
1581 2892 1658 2929 fide
1691 2904 1807 2940 quam
1842 2892 1971 2930 Iudaei
2007 2900 2043 2930 et
2074 2894 2272 2931 haeretici.
2307 2894 2396 2944 quia
2428 2896 2588 2934 omnino

1527 2944 1616 2982 nihil
1649 2945 1695 2982 de
1729 2945 1806 2982 fide
1840 2945 2033 2994 recipiunt.
2079 2947 2180 2995 Ergo
2215 2958 2350 2984 eorum
2386 2947 2589 3002 infidelitas

1527 3005 1583 3034 est
1611 2997 1845 3045 gravissima.

1582 3051 1616 3087 3.
1652 3051 1884 3098 PRAETEREA,
1917 3063 2032 3091 omne
2061 3052 2205 3090 bonum
2234 3061 2288 3090 est
2317 3052 2589 3094 diminutivum

1526 3103 1627 3140 mali.
1659 3104 1736 3141 Sed
1763 3104 1917 3153 aliquod
1945 3105 2092 3142 bonurn
2122 3113 2177 3142 est
2203 3105 2242 3142 in
2266 3106 2436 3144 Iudaeis:
2453 3107 2555 3156 ,quia
2572 3106 2588 3135 ἢ

1528 3157 1754 3194 confitentur
1781 3165 1891 3194 vetus
1910 3158 2200 3195 Testamentum
2229 3171 2312 3196 esse
2340 3171 2362 3196 a
2386 3161 2484 3197 Deo.
2513 3161 2589 3198 Bo·-

1527 3221 1620 3246 num
1658 3210 1770 3247 etiam
1810 3217 1865 3247 est
1900 3210 1939 3247 in
1975 3211 2194 3248 haereticis:
2234 3211 2323 3261 quia
2358 3221 2589 3254 venerantur

1527 3274 1673 3300 novum
1693 3263 1996 3301 Testamentum.
2024 3264 2125 3312 Ergo
2145 3264 2272 3302 minus
2291 3273 2452 3314 peccant
2469 3278 2587 3315 quam

415 3312 741 3362 principalioribus
769 3313 916 3349 veritati
947 3313 1035 3350 fidei
1065 3313 1345 3351 contradicunt:
1379 3313 1473 3350 sicut
1497 3310 1500 3349 Ι
1525 3314 1691 3362 gentiles,
1712 3315 1777 3365 qui
1802 3324 2005 3364 utrumque
2026 3317 2318 3355 Testamentum
2342 3318 2585 3357 detestantur.

470 3443 497 3474 α)
515 3443 708 3467 contrariatur.
726 3457 744 3461 -
763 3442 849 3475 magis
867 3443 1051 3468 contrariatur
1071 3445 1098 3473 P,
1118 3450 1142 3468 et
1162 3445 1195 3468 ita
1215 3452 1273 3468 mox
1294 3445 1323 3468 1.

470 3477 494 3509 β)
511 3478 725 3510 principalius-
740 3477 919 3510 principalior
932 3479 1041 3503 ABCEF
1044 3479 1124 3515 Gljll
1128 3479 1186 3511 pKit
1206 3484 1230 3503 et
1244 3479 1423 3511 a,pr1·ncipat'
1442 3480 1474 3505 D.

470 3516 495 3546 γ’)
516 3513 568 3544 qui.
586 3527 606 3532 -
623 3521 690 3545 quae
708 3514 784 3538 ABG
786 3513 948 3546 ffiFHlpKn.
968 3519 991 3538 et
1011 3514 1044 3538 ita
1064 3523 1087 3538 is.
1092 3523 1122 3538 ox
1142 3515 1263 3547 ΑΒΗΡΚ.

1567 3444 1695 3504 81))Ῐᾳηία.
1714 3459 1732 3464 -
1751 3446 1822 3478 quod
1846 3447 2067 3477 ABCEFHlen,
2086 3448 2133 3480 qui
2151 3448 2186 3479 D;
2211 3455 2271 3473 mox
2289 3448 2360 3482 quod
2384 3448 2585 3479 ABCFHlea,

1526 3481 1571 3512 qui

2616 742 2711 765 “Num.
2726 749 2752 764 ιι.

2617 1087 2628 1100 *
2642 1087 2700 1110 lbid.

2591 1753 2595 1767 z
2617 1745 2687 1774 'Qm
2695 1751 2767 1768 mxv
2776 1752 2828 1774 sqq.
