2892 4056
1002 146 1283 192 -QUAESTIO
1310 146 1360 193 V,
1389 147 1684 184 ARTICULUS
1715 148 1727 182 I

287 225 346 260 lus
364 221 379 245 λ
392 230 479 260 ante
495 222 825 259 confirmationem
841 223 1024 260 habuerat
1042 223 1173 271 fidem,
1190 231 1227 260 et
1245 224 1347 261 simi-

289 276 377 312 liter·
396 276 517 312 homo
545 282 632 312 ante
659 282 860 324 peccatum
888 275 919 313 ³¹⁸.

342 327 420 365 Sed
447 336 577 365 tamen
597 328 918 366 considerandum
940 336 995 365 est
1014 328 1119 377 quod
1137 329 1174 365 in
1195 329 1346 366 obiecto

287 380 379 419 fidei
407 388 463 418 est
497 380 638 430 aliquid
676 381 785 430 quasi
825 382 1002 427 formale,
1041 381 1182 418 scilicet
1208 382 1347 419 veritas

287 434 412 482 prima
430 445 546 482 super
564 446 721 471 omnem
743 435 954 472 naturalem
970 434 1223 481 cognitionem
1245 446 1347 471 crea·

287 494 395 523 turae
422 486 601 534 existens3
631 495 667 524 et
695 487 835 536 aliquid
862 487 1069 533 materiale,
1098 486 1193 524 sicut
1220 487 1258 525 id
1287 486 1346 523 cui

289 538 514 576 assentimus
543 540 778 577 inhaerendo
797 540 942 589 primae
962 539 1120 576 veritati.
1151 539 1347 585 Quantum

289 603 378 640 ergo
399 592 447 629 ad
468 592 640 642 primum
670 594 823 639 horum,
845 591 1100 629 communiter
1119 592 1215 629 fides
1235 600 1291 629 est
1309 591 1347 628 in

288 644 468 682 omnibus
496 645 724 683 habentibus
752 644 1007 694 cognitionem
1036 645 1082 681 de
1105 645 1203 692 Deo,
1224 645 1348 682 futura

259 717 263 722 -
289 697 520 735 beatitudine
549 699 722 741 nondum
756 698 911 746 adepta,
940 697 1173 734 inhaerendo
1201 697 1347 746 primae

287 750 447 788 veritati.
486 751 564 788 Sed
600 748 787 800 quantum
820 749 869 786 ad
898 762 943 785 ea
971 761 1069 798 quae
1109 750 1349 787 materialiter

289 803 479 841 credenda
507 801 784 853 proponuntur,
806 803 996 851 quaedam
1026 809 1113 839 sunt
1140 803 1279 840 credita
1300 803 1348 839 ab

288 867 366 893 uno
395 868 495 906 quae
523 865 612 900 sunt
638 855 835 893 manifeste
865 854 956 892 scita
984 855 1032 891 ab
1061 855 1146 902 alio,
1169 856 1282 892 etiam
1311 856 1350 891 in

242 929 247 934 ·
289 916 387 947 statu
414 909 616 959 praesenti,
635 917 677 946 ut
704 920 820 957 supra
837 907 857 929 ²¹²
885 907 1029 944 dictum
1050 916 1116 944 est.
1147 909 1196 944 Et
1216 920 1349 944 secun-

289 962 382 999 dum
408 963 484 1001 hoc
521 962 634 999 etiam
669 969 795 1010 potest
831 960 904 998 dici
939 959 1046 1008 quod
1078 963 1233 1008 angelus
1262 968 1349 997 ante

290 1014 622 1052 confirmationem
643 1021 679 1050 et
691 1015 812 1051 homo
831 1021 918 1050 ante
936 1021 1137 1062 peccatum
1157 1015 1349 1061 quaedam

290 1067 338 1104 de
366 1067 503 1105 divinis
531 1067 718 1116 mysteriis
747 1067 946 1104 manifesta
966 1067 1180 1114 cognitione
1210 1078 1350 1114 cogno-

287 1127 427 1162 verunt
453 1131 553 1168 quae
582 1132 684 1157 nunc
703 1132 782 1157 non
801 1131 1008 1169 possumus
1029 1132 1259 1168 cognoscere
1279 1119 1349 1156 nisi

290 1172 495 1211 credendo.

342 1227 400 1263 An
428 1237 565 1263 ptumum
593 1237 692 1263 ERGO
711 1237 896 1263 mesanum
915 1225 1032 1273 quod,
1053 1226 1230 1275 quamvis
1251 1226 1350 1263 dicta

268 1278 464 1329 ‘Hugonis
505 1279 552 1316 de
595 1278 734 1316 Sancto
762 1278 912 1315 Victore
954 1278 1179 1327 magistralia
1216 1279 1288 1315 sint
1315 1286 1353 1316 et

291 1331 417 1369 robur
427 1330 656 1369 auctoritatis
675 1343 754 1368 non
768 1337 786 1359 μ
800 1332 976 1379 habeant,
993 1339 1122 1368 tamen
1135 1339 1261 1380 potest
1279 1323 1352 1368 d1ci

290 1385 396 1434 quod
424 1384 693 1433 contemplatio
722 1396 820 1432 quae
852 1384 947 1421 tollit
975 1385 1237 1422 necessitatem
1259 1384 1351 1421 fidei

291 1445 348 1475 est
375 1437 645 1486 contemplatio
674 1437 831 1485 patriae,
860 1449 935 1485 qua
967 1437 1259 1485 supematuralis
1286 1449 1352 1473 ve-

339 1555 368 1590 λ)
387 1558 507 1590 angelus.
520 1571 539 1576 -
551 1555 613 1582 Om.
631 1557 844 1582 ABCEFGHKa.
857 1570 876 1575 -
890 1557 940 1582 Pro
958 1557 1096 1586 habuerat,
1116 1557 1247 1582 habebant
1259 1556 1291 1587 G,
1305 1556 1352 1581 ha-

289 1592 376 1618 buerit
395 1591 440 1622 sK,
459 1592 610 1618 habuerunt
627 1593 668 1617 ed.
686 1599 711 1622 a,
731 1592 824 1617 habuit
840 1592 860 1616 P
867 1600 874 1623 3
893 1592 971 1617 homo
989 1599 1044 1617 om.
1062 1599 1089 1617 a.

342 1628 371 1662 μ)
391 1635 452 1653 non.
463 1641 483 1646 -
494 1628 556 1652 Om.
575 1627 739 1652 PDEHsAG.
752 1641 771 1646 -
785 1627 876 1652 Statim
894 1635 942 1660 pro
955 1627 1143 1657 necessitatem,
1162 1627 1292 1652 rationem
1308 1627 1352 1651 ali-

290 1670 359 1696 quae
375 1663 510 1688 editiones.

2411 148 2455 183 55

1402 227 1489 264 ritas
1508 238 1576 274 per
1596 225 1797 262 essentiam
1815 224 1975 262 videtur.
2005 225 2116 260 Hanc
2140 232 2267 261 autem
2289 232 2458 262 contem-

1402 280 1606 328 plationem
1640 291 1717 314 non
1745 277 1876 314 habuit
1903 277 2058 325 angelus
2087 283 2172 313 ante
2202 277 2459 314 confirmatio-

1402 344 1489 370 nem
1518 344 1588 369 nec
1617 332 1735 368 homo
1765 338 1851 367 ante
1874 337 2086 380 peccatum.
2118 329 2194 367 Sed
2216 342 2349 367 eorum
2371 342 2459 367 con-

1401 385 1595 434 templatio
1633 391 1712 421 erat
1748 383 1856 420 altior
1884 395 2000 432 quam
2035 391 2184 430 nostra,
2224 395 2292 431 per
2321 395 2457 430 quam,

1403 439 1521 487 magis
1549 439 1596 475 de
1625 436 1839 486 propinquo
1870 435 2094 473 accedentes
2121 437 2170 473 ad
2190 437 2330 483 Deum,
2351 436 2459 484 plura

1402 492 1597 529 manifeste
1627 502 1855 538 cognoscere
1884 496 2059 538 poterant
2086 489 2132 526 de
2162 489 2299 526 divinis
2320 489 2459 525 effecti-

1403 545 1473 581 bus
1502 552 1537 581 et
1557 543 1743 591 mysteriis
1776 555 1892 591 quarn
1913 555 1984 579 nos
2002 554 2220 590 possumus.
2250 542 2360 578 Unde
2381 554 2458 578 non

1402 598 1519 634 inerat
1537 603 1550 617 *⁹
1578 596 1631 633 eis
1660 596 1755 632 fides
1776 607 1851 644 qua
1871 595 1919 631 ita
1939 601 2182 644 quaereretur
2199 596 2304 631 Deus
2323 595 2459 632 absens

1402 651 1497 688 sicut
1524 662 1546 686 a
1587 649 1696 686 nobis
1735 647 1936 697 quaeritur.
1979 649 2071 685 Erat
2109 648 2209 685 enirn
2246 648 2298 684 eis
2340 647 2460 695 magis

1402 715 1582 752 praesens
1609 714 1677 750 per
1713 703 1843 738 lumen
1876 701 2080 749 sapientiae
2109 713 2223 750 quam
2253 701 2299 738 sit
2326 701 2458 737 nobis:

1403 757 1487 793 licet
1514 767 1585 792 nec
1613 755 1666 791 eis
1686 762 1783 791 esset
1802 754 1851 791 ita
1869 766 2048 802 praesens
2068 754 2163 790 sicut
2182 762 2238 790 est
2255 753 2373 790 beatis
2393 766 2461 802 per

1403 810 1532 846 lumen
1559 807 1711 856 gloriae.

1455 863 1514 898 AD
1542 871 1731 897 SECUNDUM
1759 870 1942 896 mci-:noum
1974 859 2079 908 quod
2112 859 2151 895 in
2188 866 2284 895 statu
2313 859 2460 907 primae

1404 912 1629 950 conditionis
1647 911 1814 948 hominis
1832 913 1894 948 vel
1914 911 2035 959 angeli
2055 923 2134 948 non
2153 920 2232 948 erat
2251 912 2461 949 obscuritas

1404 967 1537 1015 culpae
1565 966 1627 1002 vel
1655 976 1815 1013 poenae.
1855 966 1977 1001 Inerat
2003 973 2133 1001 tamen
2160 964 2363 1001 intellectui
2390 966 2460 1002 ho-

1404 1019 1515 1056 minis
1545 1026 1581 1054 et
1608 1017 1730 1065 angeli
1758 1017 1949 1076 quaedam
1969 1017 2178 1054 obscuritas
2197 1018 2384 1064 naturalis,
2406 1030 2462 1054 se-

1404 1072 1572 1109 cundum
1593 1071 1697 1119 quod
1721 1070 1844 1106 omnis
1869 1077 2038 1107 creatura
2057 1071 2212 1107 tenebra
2232 1077 2287 1107 est
2307 1083 2462 1119 compa-

1404 1132 1483 1162 rata
1501 1122 1744 1161 immensitati
1765 1122 1881 1160 divini
1900 1123 2063 1160 luminis.
2085 1124 2134 1160 Et
2152 1123 2234 1160 talis
2255 1123 2462 1160 obscuritas

1404 1177 1542 1215 sufficit
1569 1177 1617 1215 ad
1645 1176 1736 1214 fidei
1763 1176 1962 1213 rationem.

1457 1233 1516 1267 An
1535 1242 1694 1267 TERTuJM
1713 1241 1898 1267 mcENDUM
1918 1228 2023 1277 quod
2037 1228 2076 1265 in
2095 1236 2193 1265 statu
2212 1228 2358 1277 primae
2374 1240 2463 1264 con-

1406 1283 1556 1321 ditionis
1583 1295 1662 1320 non
1691 1290 1770 1319 erat
1796 1282 1946 1319 auditus
1969 1283 2018 1319 ab
2045 1282 2202 1318 homine
2231 1281 2391 1318 exterius
2410 1282 2464 1318 lo-

1405 1344 1557 1385 quente,
1574 1337 1640 1373 sed
1660 1348 1682 1372 a
1696 1337 1782 1372 Deo
1797 1335 1950 1373 interius
1970 1335 2191 1384 inspirante:
2212 1334 2307 1371 sicut
2325 1342 2362 1404 et
2375 1346 2463 1382 pro-

1407 1391 1543 1439 phetae
1563 1389 1779 1435 audiebant,
1804 1389 2014 1426 secundum
2044 1389 2133 1425 illud
2156 1389 2331 1425 Psalmfi
2349 1387 2463 1424 :-Au

1406 1443 1507 1479 diam
1535 1442 1626 1490 quid
1652 1442 1827 1490 loquatur
1854 1443 1890 1478 in
1920 1454 1980 1478 me
2007 1442 2192 1479 Dominus
2219 1442 2334 1478 Deus.

1458 1555 1482 1588 ν)
1501 1555 1598 1580 inerat.
1612 1568 1630 1573 -
1648 1558 1708 1579 erat
1726 1555 1761 1584 D;
1780 1554 1818 1579 eis
1837 1554 1920 1586 primo
1938 1554 1996 1578 loco
2010 1562 2064 1578 orn.
2083 1554 2184 1578 codices
2203 1558 2307 1585 excepta
2326 1561 2366 1583 sa,
2386 1554 2465 1578 altero

1405 1599 1458 1616 om.
1477 1590 1545 1622 Gpn,
1565 1597 1608 1614 res
1626 1590 1701 1614 ceteri
1722 1595 1828 1622 excepto
1847 1597 1887 1614 sa.

964 1729 1297 1762 Commentario.
1319 1728 1569 1761 Cardinalis
1590 1727 1790 1760 Caietam

301 1802 305 1806 '
319 1798 462 1839 §primo
477 1798 611 1830 articulo
623 1798 760 1840 quintae
773 1798 967 1840 quaestionis
986 1798 1121 1830 dubium
1135 1809 1173 1829 ex
1187 1799 1351 1836 Durando,

164 1853 170 1860 ·
208 1861 214 1868 ·
258 1862 264 1868 -
318 1842 356 1874 in
368 1852 442 1874 xxm
464 1842 565 1874 dist*
581 1842 622 1873 111
638 1842 738 1880 Sent„
763 1843 909 1879 occurrit,
926 1842 1017 1884 quasi
1033 1844 1188 1883 probante
1211 1843 1302 1884 quod
1317 1843 1350 1874 in

290 1887 408 1928 angelis
437 1895 512 1918 cum
538 1886 638 1927 gratia
664 1887 733 1918 viae
761 1897 827 1918 non
854 1887 950 1918 fuerit
979 1886 1071 1924 fides,
1096 1887 1172 1927 quia
1202 1887 1350 1918 revelatio

289 1930 372 1962 facta
393 1930 507 1971 angelo
530 1939 549 1961 a
562 1931 632 1962 Deo
651 1930 834 1963 immediate
849 1932 887 1961 de
902 1931 1066 1962 Trinitatis
1081 1931 1231 1972 mysterio
1247 1932 1352 1962 exclu-

290 1975 383 2006 debat
405 1974 562 2006 rationem
583 1975 666 2006 fidei.
702 1975 800 2013 Quod
819 1976 972 2016 probatur
991 1976 1044 2007 sic.
1069 1976 1211 2016 Angelus
1235 1975 1353 2007 sciebat

290 2019 419 2050 seientia
451 2018 636 2050 excludente
665 2018 762 2050 fidem
790 2020 898 2051 Deum
927 2029 994 2050 non
1024 2029 1118 2060 posse
1149 2020 1290 2050 mentiri:
1322 2027 1353 2051 et

289 2062 406 2099 nebat
429 2063 542 2094 notitia
561 2063 744 2096 excludente
762 2061 860 2095 fidem
874 2064 982 2094 Deum
997 2064 1055 2094 sibi
1070 2065 1224 2095 revelasse
1238 2071 1354 2105 myste-

288 2108 375 2141 rium
400 2107 580 2138 Trinitatis:
609 2118 683 2148 ergo
711 2108 843 2147 angelus
871 2108 988 2139 sciebat
1012 2108 1141 2139 scientia
1161 2108 1354 2140 excludente

288 2148 386 2185 fldem
408 2151 595 2194 mysterium
617 2152 790 2185 Trinitatis.
815 2153 857 2184 Et
879 2152 981 2183 simile
1004 2160 1051 2183 est
1065 2153 1104 2182 de
1128 2151 1195 2183 aliis
1210 2153 1354 2184 revelatis

289 2195 504 2238 spectantibus
525 2196 565 2226 ad
587 2194 694 2227 fidem.
725 2197 810 2236 Ergo
834 2206 900 2226 non
930 2197 1042 2227 habuit
1069 2195 1182 2232 fidem,
1206 2197 1353 2237 quamvis

290 2239 420 2271 haberet
433 2240 580 2280 gratiam,
599 2241 656 2271 sed
674 2241 809 2272 habebat
823 2241 1043 2272 certitudinem
1062 2241 1101 2270 de
1119 2240 1168 2271 his
1183 2250 1265 2281 quae
1279 2249 1354 2272 sunt

289 2283 374 2315 fidei.
394 2299 416 2308 ·-
432 2285 644 2325 Assumptum
676 2295 735 2325 pro
765 2286 903 2316 secunda
928 2292 1016 2326 parte
1043 2285 1196 2325 probatur
1225 2295 1262 2315 ex
1291 2286 1354 2316 hoc

290 2327 380 2368 qnod
402 2327 550 2359 audiebat
571 2328 679 2368 Deum
699 2329 918 2369 inspirantem,
942 2337 982 2366 et,
1006 2339 1082 2361 cum
1097 2329 1137 2360 sit
1159 2339 1238 2369 pure
1261 2329 1352 2361 intel·

289 2371 432 2406 [ecmelis
455 2377 595 2408 naturae,
610 2372 736 2404 videbat
757 2374 847 2415 quod
869 2374 976 2404 nullus
1000 2374 1082 2404 alius
1101 2373 1232 2424 angelus
1251 2384 1356 2415 neque

290 2415 439 2456 proprius
461 2413 639 2447 intellectus
662 2417 718 2457 qui
732 2414 750 2434 *
765 2418 966 2468 loquebatur,
982 2418 1036 2448 sed
1059 2418 1146 2448 Deus
1169 2417 1252 2457 ipse.
1274 2418 1355 2450 sicut

291 2459 387 2491 etiam
410 2459 527 2490 sciebat
549 2469 582 2490 se
601 2469 667 2490 esse
689 2460 723 2490 in
741 2461 848 2500 gratia,
868 2461 1004 2491 videns·
996 2471 1028 2491 m
1049 2460 1181 2491 essentia
1196 2471 1252 2492 sua
1267 2461 1355 2492 illam

292 2501 478 2545 qualitatem
501 2510 636 2534 creatam
660 2514 677 2534 a
696 2504 766 2535 Deo
789 2511 820 2535 et
842 2505 876 2535 in
900 2505 1064 2535 voluntate
1087 2505 1258 2535 caritatem.

347 2546 386 2578 11.
409 2548 461 2578 Ad
483 2547 545 2578 hoc
568 2548 682 2579 dicitur
703 2550 792 2589 quod
815 2548 974 2579 credibilia
997 2555 1134 2589 possunt
1165 2548 1355 2578 considerari

292 2591 470 2631 dupliciter.
493 2591 612 2628 Primo,
635 2592 669 2622 in
688 2593 831 2632 speciali:
855 2599 887 2624 et
905 2593 949 2624 sic
967 2592 1163 2633 impossibile
1179 2599 1225 2622 est
1243 2598 1279 2623 ut
1293 2592 1356 2623 sint

292 2635 388 2667 simul
410 2636 449 2666 ab
473 2636 588 2666 eodem
610 2636 686 2667 scita
711 2644 742 2667 et
760 2636 886 2668 credita.
909 2637 983 2668 Alio
1002 2637 1115 2675 mod0,
1132 2636 1166 2667 in
1189 2636 1355 2667 communi

253 2702 260 2708 .
291 2679 413 2713 ratione
437 2679 608 2711 credibilis:
634 2687 665 2710 et
687 2680 741 2717 sic,
766 2688 800 2711 ut
824 2680 858 2711 in
881 2688 938 2711 art.
954 2691 976 2720 4
991 2680 1008 2699 *
1025 2681 1144 2721 primae
1159 2680 1355 2721 quaestionis

291 2726 414 2755 Auctor
436 2723 522 2759 dixit,
547 2730 683 2765 possunt
705 2734 772 2755 esse
796 2724 872 2756 scita
891 2731 921 2755 et
939 2724 1065 2761 credita,
1081 2723 1156 2755 scita
1173 2724 1304 2765 quidem
1322 2724 1356 2754 in

291 2767 467 2804 cummuni,
492 2768 608 2798 credita
630 2774 737 2799 autem
760 2768 793 2799 in
816 2768 953 2810 speciali.
978 2769 1028 2799 Sic
1047 2775 1154 2799 autem
1173 2767 1266 2799 estin
1281 2778 1356 2808 pro-

291 2812 408 2853 pofitn.
437 2811 602 2849 Quoniam
632 2812 762 2852 angelus
790 2823 827 2843 ex
855 2812 1046 2843 revelatione
1075 2812 1134 2843 sibi
1164 2823 1182 2843 a
1212 2812 1282 2842 Deo
1311 2812 1355 2842 fa-

292 2862 341 2888 cta
356 2856 396 2887 de
418 2855 570 2896 mysterio
592 2856 756 2888 Trinitatis
782 2866 848 2887 non
871 2857 930 2888 scit
951 2857 1058 2888 Deum
1085 2866 1152 2887 esse
1182 2856 1303 2887 trinum
1325 2863 1357 2887 et

292 2906 412 2931 unum:
430 2900 586 2941 quoniam
604 2900 667 2932 hoc
681 2910 786 2941 neque
801 2911 858 2941 per
873 2901 1036 2942 propriam
1055 2901 1210 2932 rationem
1226 2906 1356 2931 naturae

293 2943 417 2975 divinae
440 2953 545 2984 neque
567 2953 624 2984 per
646 2944 792 2976 effectum
816 2945 884 2977 scit.
909 2945 970 2976 Sed
993 2945 1052 2976 scit
1074 2946 1189 2981 Deum,
1209 2944 1266 2985 qui
1289 2954 1356 2975 non

292 2994 399 3028 potest
421 2988 557 3024 mentiri,
581 2987 640 3018 sibi
662 2989 724 3020 hoc
747 2989 894 3020 attestari.
923 2990 1020 3027 Quod
1044 2996 1090 3020 est
1112 2988 1190 3019 scire
1213 2994 1356 3019 attestata

293 3042 311 3062 a
334 3031 404 3062 Deo
428 3041 495 3063 esse
525 3031 699 3064 credibilia:
730 3039 761 3063 et
785 3042 851 3064 non
881 3033 988 3064 solum
1018 3042 1085 3063 esse
1108 3032 1276 3069 credibilia,
1301 3033 1356 3062 sed

293 3075 388 3106 etiam
411 3084 478 3106 esse
501 3085 574 3106 vera
596 3083 632 3107 ut
655 3082 813 3108 attestata:
837 3077 926 3118 quod
949 3083 996 3108 est
1019 3077 1096 3108 scire
1119 3086 1155 3107 ea
1178 3086 1259 3117 quae
1282 3082 1357 3107 sunt

292 3119 376 3157 fidei,
401 3120 578 3151 secundum
601 3130 809 3152 communem
831 3121 988 3153 rationem
1004 3127 1222 3152 attestatorum
1238 3130 1256 3151 a
1273 3120 1354 3157 Deo,

293 3173 360 3194 esse
382 3173 466 3194 vera.
496 3164 569 3194 Hoc
592 3171 700 3196 autem
718 3174 785 3195 non
808 3165 945 3196 excludit
970 3164 1044 3196 fidei
1073 3165 1246 3196 rationem:
1274 3174 1355 3205 quo-

293 3208 379 3238 niam
403 3217 477 3239 cum
506 3207 676 3240 scientifica
705 3208 816 3240 notitia
841 3210 959 3240 horum
982 3215 1018 3239 ut
1039 3209 1178 3239 induunt
1198 3208 1354 3239 rationem

293 3251 448 3283 credibilis
472 3257 502 3282 et
520 3253 665 3289 attestati,
689 3251 749 3284 stat
770 3251 848 3284 fides
871 3253 1047 3284 eorundem
1076 3253 1253 3284 secundum
1279 3262 1354 3293 pro-

292 3296 376 3336 prias
399 3296 547 3328 rationes.
570 3296 612 3327 Et
634 3297 696 3328 hoc
714 3303 762 3328 est
774 3297 863 3338 quod
878 3296 1008 3328 indubie
1027 3306 1064 3327 ex
1080 3296 1221 3328 doctriua
1235 3299 1354 3328 Aucto-

293 3340 335 3371 ris
357 3340 533 3371 tenendum
556 3347 612 3371 est.

349 3384 401 3415 111.
418 3384 459 3415 Et
474 3384 500 3415 si
517 3391 625 3415 contra
640 3385 701 3415 hoc
717 3386 859 3421 instetur,
878 3384 953 3426 quia
967 3383 1045 3415 fides
1061 3391 1108 3416 est
1122 3390 1351 3426 argumentum

294 3437 357 3459 non
373 3430 596 3470 apparentium
608 3429 639 3465 *;
656 3436 686 3460 et
700 3435 938 3470 consequenter,
955 3439 1162 3470 quocumque
1181 3429 1280 3459 modo
1297 3428 1352 3459 ali-

1403 1809 1467 1839 qua
1490 1805 1662 1839 appareant
1683 1798 1726 1828 ita
1749 1798 1838 1838 quod
1861 1795 2051 1827 evidentiam
2073 1795 2186 1829 habeat
2208 1795 2247 1824 de
2265 1794 2393 1825 veritate
2412 1795 2466 1825 ali-

1404 1853 1562 1884 quorum,
1592 1842 1768 1873 excluditur
1798 1840 1877 1872 ratio
1901 1840 1990 1876 fidei;
2018 1840 2074 1870 sed
2102 1839 2278 1870 intellectus
2307 1838 2410 1879 angeli
2433 1839 2465 1869 in

1404 1887 1502 1927 gratia
1530 1887 1693 1926 cognoscit
1718 1886 1762 1917 ita
1790 1885 1949 1916 evidenter
1976 1884 2066 1924 quod
2095 1893 2162 1914 non
2185 1889 2291 1923 potest
2317 1883 2405 1913 aliter
2433 1893 2466 1914 se

1405 1932 1529 1969 habere,
1553 1941 1625 1961 vera
1649 1940 1715 1961 esse
1739 1929 1900 1960 enuntiata
1919 1940 1936 1959 a
1951 1929 2022 1959 Deo
2041 1928 2115 1964 sibi;
2141 1937 2215 1967 ergo
2232 1937 2298 1958 non
2317 1927 2429 1958 credit:
2447 1945 2465 1950 -

1405 1975 1678 2016 Respondendum
1694 1981 1741 2005 est
1762 1981 1798 2005 ut
1821 1974 1939 2014 prius*
1941 1997 1947 2008 ,
1965 1973 2055 2013 quod
2076 1972 2190 2002 habere
2213 1971 2403 2003 evidentiam
2429 1972 2466 2002 de

1403 2020 1533 2050 veritate
1556 2019 1738 2059 aliquorum
1754 2018 1908 2058 contingit
1921 2017 2098 2057 dupliciter.
2122 2016 2241 2053 Primo,
2257 2017 2346 2057 quod
2363 2017 2468 2047 videat

1405 2074 1460 2095 seu
1484 2064 1561 2094 sciat
1582 2063 1827 2104 ipsa-enuntiata
1842 2062 1875 2092 in
1891 2062 2001 2102 seipsis
2017 2071 2084 2092 esse
2104 2071 2184 2092 vera.
2207 2061 2250 2091 Et
2263 2061 2308 2091 sic
2331 2061 2469 2092 excludit

1406 2108 1560 2139 rationem
1575 2107 1663 2138 fidei:
1681 2108 1736 2138 sed
1751 2117 1818 2138 non
1833 2113 1880 2138 est
1894 2107 1938 2137 sic
1953 2107 1986 2137 in
2003 2105 2180 2146 proposito.
2205 2105 2362 2142 Secunde,
2378 2106 2468 2147 quod

1406 2153 1510 2183 videat
1532 2162 1588 2183 seu
1617 2152 1694 2183 sciat
1716 2152 1747 2182 in
1772 2150 1956 2182 testificante
1986 2150 2040 2180 illa
2062 2159 2129 2180 esse
2158 2159 2241 2181 vera.
2271 2150 2312 2180 Et
2334 2150 2378 2180 sic
2401 2160 2468 2180 non

1407 2196 1543 2228 excludit
1566 2196 1679 2227 fidem:
1704 2202 1734 2226 et
1756 2196 1800 2226 ita
1824 2202 1870 2226 est
1892 2195 1924 2225 in
1948 2194 2124 2235 proposito.

1465 2241 1517 2271 IV.
1542 2241 1604 2271 Sed
1628 2247 1736 2271 contra
1758 2239 1820 2270 hoc
1842 2238 1985 2270 instatur.
2009 2238 2094 2275 Quia
2117 2247 2191 2268 cum
2215 2237 2291 2267 dicis
2310 2237 2349 2267 ad
2365 2237 2467 2268 exclu-

1407 2285 1531 2315 sionem
1554 2284 1628 2315 fidei
1659 2284 1776 2325 requiri
1803 2284 1893 2324 quod
1916 2283 2078 2313 enuntiata
2105 2282 2244 2312 sciantur
2267 2281 2318 2311 vel
2340 2282 2468 2312 videan-

1408 2337 1459 2360 tur
1480 2329 1513 2359 in
1537 2329 1657 2368 seipsis,
1681 2337 1737 2359 seu
1761 2327 1938 2359 secundum
1964 2327 2107 2378 proprias
2123 2326 2270 2361 rationes,
2287 2326 2349 2356 hoc
2364 2333 2469 2366 potest

1407 2373 1538 2413 intelligi
1553 2373 1734 2413 dupliciter:
1759 2372 1874 2412 primo,
1892 2378 1927 2403 ut
1941 2371 2002 2412 ly·
1990 2382 2023 2401 ιη
2039 2372 2151 2411 seipsis
2167 2371 2296 2401 denotet
2310 2370 2467 2406 medium;

1408 2418 1558 2452 secundo,
1583 2424 1619 2448 ut
1641 2417 1770 2447 denotet
1793 2415 1975 2447 terminum.
2000 2414 2032 2446 Si
2056 2415 2184 2446 denotat
2202 2414 2354 2450 medium,
2371 2414 2469 2445 falsis-

1407 2461 1526 2491 simum
1549 2467 1605 2491 est.
1628 2461 1712 2490 Nam
1734 2460 1844 2490 videns
1867 2459 2029 2489 enuntiata
2054 2449 2159 2500 ali'qua
2181 2458 2214 2489 in
2238 2459 2310 2494 alio,
2335 2466 2412 2508 puta
2435 2459 2467 2488 in

1407 2505 1513 2535 divina
1536 2504 1679 2540 essentia,
1703 2511 1856 2544 tanquam
1881 2503 1987 2534 medio
2010 2509 2041 2533 et
2064 2503 2189 2533 obiecto
2216 2502 2377 2542 primario,
2402 2513 2468 2533 non

1407 2548 1504 2578 credit
1527 2547 1664 2587 amplius
1687 2547 1750 2577 illa.
1773 2547 1848 2577 Non
1864 2556 1939 2586 ergo
1955 2546 2088 2586 exigitur
2106 2547 2144 2577 ad
2163 2546 2377 2577 exclusionem
2396 2546 2469 2577 fidei

1406 2592 1494 2632 quod
1517 2591 1663 2631 propriae
1686 2591 1823 2622 rationes
1838 2591 2041 2630 cognitorum
2057 2591 2118 2622 sint
2141 2591 2245 2621 media
2266 2590 2466 2630 cognitionis.

1465 2635 1497 2666 Si
1521 2636 1661 2666 secundo
1678 2635 1787 2671 modo,
1804 2644 1916 2665 verum
1931 2641 1978 2664 est
1992 2635 2082 2675 quod
2097 2634 2229 2674 exigitur
2243 2634 2350 2674 ipsum
2369 2644 2468 2665 enun-

1408 2679 1521 2710 tiatum
1543 2680 1711 2710 terminare
1729 2677 1979 2710 certitudinalem
1998 2678 2202 2709 evidentiam:
2220 2678 2275 2708 sed
2291 2678 2407 2709 falsum
2423 2685 2470 2709 est

1408 2724 1497 2764 quod
1519 2723 1581 2754 hoc
1604 2723 1637 2753 in
1660 2723 1827 2763 proposito
1850 2732 1916 2753 non
1935 2722 2120 2753 inveniatur.
2145 2722 2227 2752 Nam
2243 2722 2346 2762 angeli
2361 2722 2468 2762 cogni-

1408 2767 1453 2798 tio
1477 2767 1605 2797 evidens
1628 2777 1694 2797 non
1718 2767 1824 2797 solum
1848 2767 2034 2797 terminatur
2055 2767 2095 2796 ad
2117 2766 2224 2796 Deum
2238 2765 2466 2801 testificantem,

1409 2812 1463 2842 sed
1486 2812 1526 2842 ad
1550 2812 1711 2842 enuntiata
1738 2810 1915 2842 testificata:
1947 2810 2006 2841 scit
2027 2810 2113 2841 enim
2136 2820 2172 2840 ex
2199 2810 2253 2840 illa
2279 2810 2470 2841 revelatione

1409 2856 1442 2886 in
1465 2855 1578 2886 divinis
1609 2865 1676 2886 esse
1706 2855 1831 2886 Patrem
1860 2861 1891 2886 et
1921 2854 2039 2885 Filium
2068 2861 2100 2885 et
2121 2854 2276 2894 Spiritum
2305 2854 2467 2891 Sanctum,

1409 2899 1481 2930 licet
1510 2899 1633 2939 ignoret
1663 2899 1740 2940 quid
1764 2899 1812 2929 sit.
1842 2899 1899 2934 Et,
1923 2899 2071 2935 breviter,
2094 2898 2189 2929 habet
2218 2898 2407 2930 evidentiam
2430 2899 2470 2929 de

1409 2943 1594 2985 quaestione
1624 2954 1666 2974 an
1691 2948 1748 2980 est,
1774 2953 1829 2973 seu
1860 2944 1935 2983 quia
1959 2948 2026 2980 est,·
2047 2942 2120 2973 licet
2142 2943 2266 2983 ignoret
2294 2943 2387 2984 quid,
2413 2953 2468 2974 seu

1403 2993 1538 3028 propter
1559 2987 1645 3028 quid.

1465 3032 1504 3062 V.
1529 3032 1580 3062 Ad
1603 3031 1664 3062 hoc
1688 3030 1859 3061 dicendum
1882 3035 1928 3060 est
1950 3030 2039 3071 quod
2061 3030 2094 3070 ly
2117 3031 2149 3059 in
2173 3030 2294 3070 seipsis,
2319 3040 2374 3061 seu
2389 3039 2467 3070 pro-

1403 3077 1488 3116 priis
1511 3075 1698 3112 rationibus,
1723 3075 1854 3106 denotat
1881 3074 2053 3105 terminum
2075 3083 2142 3104 non
2165 3074 2355 3114 cognitionis
2378 3074 2469 3104 abso-

1408 3119 1483 3156 lute,
1508 3120 1563 3150 sed
1587 3126 1622 3150 ut
1645 3118 1807 3156 evidentis,
1830 3118 1874 3149 ita
1895 3119 1984 3159 quod
2011 3119 2141 3149 denotat
2155 3118 2327 3148 terminum
2343 3117 2469 3148 eviden-

1407 3163 1478 3195 tiae.
1502 3163 1639 3204 Oportet
1666 3163 1752 3193 enim
1776 3163 1816 3196 ad
1837 3162 1900 3193 hoc
1930 3163 2019 3203 quod
2048 3162 2179 3204 aliquod
2209 3162 2407 3192 enuntiatum
2431 3162 2470 3192 sit

1407 3207 1500 3238 alicui
1524 3207 1662 3243 evidens,
1678 3207 1767 3247 quod
1790 3206 1830 3237 sit
1845 3205 2000 3237 evidentia
2019 3206 2228 3237 terminorum
2244 3206 2284 3236 ad
2300 3205 2469 3236 connexio-

1407 3261 1482 3282 nem
1496 3251 1627 3282 illorum
1642 3251 1851 3282 terminorum
1867 3251 2012 3281 absolute
2027 3257 2245 3290 sumptorum:
2262 3249 2348 3279 verbi
2359 3249 2467 3289 gratia,

1407 3295 1447 3325 ad
1469 3295 1531 3326 hoc
1547 3296 1636 3336 quod
1651 3295 1712 3325 hoc
1729 3294 1940 3331 enuntiatum,
1955 3295 2046 3325 Deus
2060 3299 2106 3325 est
2122 3295 2226 3325 trinus
2239 3293 2466 3333 personaliter,

1406 3339 1446 3370 sit
1460 3339 1553 3370 alicui
1569 3339 1696 3370 evidens
1712 3338 1775 3369 sive
1791 3348 1848 3379 per
1863 3339 2024 3370 scientiam
2039 3338 2103 3369 sive
2120 3348 2176 3378 per
2189 3337 2355 3372 visionem,
2368 3336 2467 3377 quod,

1407 3383 1574 3424 proposito
1598 3383 1660 3414 hoc
1683 3382 1851 3414 enunciato
1870 3382 2052 3418 intellectui,
2072 3382 2248 3413 intellectus
2270 3381 2374 3411 videat
2393 3389 2467 3410 con-

1407 3428 1575 3458 nexionem
1595 3427 1763 3468 praedicati
1779 3437 1851 3458 cum
1872 3427 2024 3458 subiecto.
2041 3426 2091 3457 Ad
2106 3427 2167 3456 hoc
2183 3425 2267 3456 enim
2283 3424 2468 3455 terminatur

2490 1396 2701 1421 ·Ps.sr.xxx1v,vers.

2490 1428 2514 1449 9.

2493 1979 2583 2001 vtum.
2597 1978 2703 2007 praeced.
