2892 4056
170 727 178 734 '
186 724 233 752 Qu.
242 730 305 752 ιιιιι,
313 728 355 746 art.
363 731 379 749 1,

169 750 198 772 ad
212 757 236 777 4.

168 783 175 789 '
190 781 379 808 Qu-uxxv11,art.

169 813 181 828 2
196 808 231 833 (cf.
248 808 378 829 Comment-

170 840 232 855 num.
260 836 311 860 ιν1;

167 866 254 881 uxvm
273 864 307 882 m
327 867 334 881 ι
351 841 377 882 3³3
406 834 511 863 cundo
536 833 642 870 Libro,
658 833 690 863 in
707 834 837 874 proprio
854 834 927 864 loco
943 833 970 870 θ’,
995 840 1160 864 ostensum
1176 841 1222 864 est
1237 834 1326 875 quod
1342 844 1469 874 peccare

258 877 262 887 1
309 875 315 882 ”
337 877 342 887 1

168 2414 177 2422 ·
191 2413 257 2441 Vers.
273 2420 302 2441 ι7.

167 2732 178 2743 “
193 2731 250 2758 Cap.
265 2737 297 2752 xl.

173 3187 227 3211 gem
250 3173 256 3178 .
270 3163 304 3179 ιιι.
321 3156 384 3185 (Ful-

445 197 516 232 114

409 270 528 303 ceptus,
553 270 583 294 et
607 264 673 294 eius
698 263 889 299 deformitas,
915 269 1082 293 exercetur.
1107 263 1199 293 Unde
1223 263 1284 293 hoc
1303 273 1469 304 argumen-

407 314 478 338 tum
502 307 581 338 fallit
603 318 668 338 non
692 308 916 347 distinguendo
939 307 1020 337 inter
1044 306 1155 336 odium
1178 306 1237 336 Dei
1256 307 1288 337 in
1305 315 1375 341 actu
1394 318 1468 338 con-

409 358 501 391 cepto
530 361 584 382 seu
616 351 756 391 signato,
782 358 811 381 et
834 351 867 381 in
898 357 968 381 actu
999 350 1142 381 exercito.
1173 351 1353 392 Utrumque
1384 352 1469 382 enim

408 394 561 435 significat
584 395 718 431 malum,
743 395 831 435 quod
853 394 1049 434 impossibile
1074 401 1120 424 est
1143 404 1208 424 esse
1232 394 1400 435 integrum.
1430 396 1470 426 Et
1494 413 1496 417 .

407 446 574 479 propterea
597 439 698 478 prima
722 439 849 479 sequela
865 438 952 468 nulla
967 445 1021 468 est.
1039 438 1203 475 Quoniam
1223 439 1342 479 absque
1366 449 1469 469 errore

408 483 519 513 odium
543 483 601 513 Dei
625 483 718 513 habet
741 481 897 512 rationem
922 481 1053 512 alicuius
1077 482 1171 512 boni:
1197 492 1254 512 nec
1282 483 1344 514 hoc
1367 490 1414 513 est
1436 483 1468 513 in

408 527 532 557 obiecto
557 537 593 556 ex
617 533 686 557 actu
710 526 882 556 voluntatis
905 525 937 555 in
962 525 1117 562 exercitio,
1135 527 1189 556 sed
1213 535 1250 556 ex
1266 537 1299 557 se
1314 527 1346 556 in
1364 527 1468 567 seipso

408 578 479 601 ante
504 580 633 600 omnem
657 577 763 600 actum
787 570 967 600 exercitum.

461 615 607 645 Secundo
632 613 750 650 deficit,
776 614 851 654 quia
874 613 966 654 ponit
995 613 1192 644 intellectum
1221 624 1351 644 caecum
1381 614 1469 654 prius

407 658 587 688 naturaliter
610 658 635 687 si
659 658 805 688 voluntas
825 657 922 688 fertur
940 657 972 687 in
993 657 1153 688 obiectum
1173 658 1349 688 secundum
1373 667 1469 697 appa-

406 709 526 732 rentem
555 709 584 731 et
608 711 672 731 non
696 702 879 732 existentem
903 701 1095 731 bonitatem:
1119 701 1150 731 in
1174 701 1288 732 virtute
1312 701 1469 742 siquidem

406 745 501 775 huius
517 745 629 775 ultima
645 745 771 786 sequela
795 745 919 776 fundari
934 745 1066 776 videtur.
1093 746 1158 775 Iam
1180 752 1287 776 autem
1310 746 1342 775 in
1362 745 1468 776 Primo
1494 769 1496 785 ,

406 789 502 820 Libro
518 789 545 825 *‚
570 799 643 819 cum
667 790 706 820 de
729 797 858 830 peccato
883 789 1070 829 angelorum
1094 796 1285 826 tractaretur,
1310 797 1341 821 et
1363 790 1396 820 in
1416 790 1469 820 Se-

406 887 472 907 non
496 877 651 917 contingit
673 878 733 908 nisi
755 878 902 909 voluntas
927 877 1043 908 feratur
1057 878 1090 908 in
1106 879 1230 909 bonum
1245 879 1295 909 vel
1314 888 1467 919 apparens

1172 1005 1384 1046 ARTICU
1391 1005 1488 1046 LUS

1101 185 1367 231 QUAEsrlo
1396 187 1500 233 X1v,

1529 186 1824 223 ARTmULth
1838 230 1840 233 ,
1854 187 1885 222 11

1495 295 1496 303 ἵ
1522 264 1662 298 bonurn;
1688 271 1718 294 et
1734 263 1823 305 quod
1838 273 1912 293 cum
1936 263 1998 294 hoc
2015 271 2075 295 stat
2090 266 2177 306 quod
2196 265 2392 296 intellectum
2409 275 2475 295 non
2491 275 2586 306 opor-

1495 313 1496 352 ]
1522 314 1565 338 tet
1587 306 1674 346 prius
1698 307 1881 338 naturaliter
1903 316 2018 343 errare;
2042 309 2097 338 sed
2113 318 2151 339 ex
2165 309 2226 339 hoc
2241 310 2314 350 ipso
2333 309 2473 340 defectus
2496 310 2587 341 intel-

1521 352 1619 381 lectus
1644 360 1730 381 error
1753 358 1799 381 est
1822 351 2016 392 quandoque
2039 353 2129 392 quod
2143 353 2253 390 volens
2268 364 2334 384 non
2350 354 2449 385 utitur
2464 353 2586 385 intelle-

1521 402 1572 425 ctu
1597 394 1636 424 ad
1659 394 1868 435 regulandum
1892 402 1998 426 actum
2012 395 2142 426 volendi
2165 406 2262 437 quem
2279 405 2407 429 exercet.

1574 437 1687 468 Deficit
1710 439 1818 475 tertio,
1843 437 1918 480 quia
1941 439 2339 471 articulum.Parisiensem
2361 441 2454 481 ponit
2477 448 2586 472 contra

1520 491 1628 511 veram
1644 482 1820 513 doctrinam
1835 482 2032 523 Philosophi,
2049 483 2081 514 in
2098 483 2154 514 VII
2170 484 2272 515 Ethic.
2298 485 2348 515 Ad
2366 495 2463 525 quem
2479 491 2585 515 tamen

1521 525 1689 587 articuluiim
1701 527 1776 559 alias
1789 527 1935 563 diximus,
1949 527 2066 558 scilicet
2079 527 2112 557 in
2125 527 2272 558 Secundo
2287 528 2393 565 Libro,
2407 538 2462 570 qu.
2471 538 2584 564 Lxxvrn

1522 576 1578 600 art.
1601 579 1617 599 2
1655 594 1661 600 .
2567 580 2570 583 “

1576 614 1614 644 V.
1639 614 1674 643 In
1693 615 1900 655 responsione
1924 616 1963 645 ad
1979 615 2120 655 primum
2137 614 2280 645 eiusdem
2296 616 2427 653 articuli,
2442 616 2586 657 perspice

1521 658 1610 698 quod
1632 658 1796 698 responsio
1821 659 1963 690 consistit
1985 659 2021 690 inv
2041 659 2103 689 hoc
2130 659 2237 700 quod,
2263 659 2344 690 sicut
2362 670 2458 691 omne
2484 659 2584 691 fidelis

1521 712 1604 741 opus
1619 702 1708 742 pium
1729 709 1834 743 potest
1849 703 1910 734 dici
1927 702 2094 739 confessio,
2112 703 2154 733 ita
2169 712 2266 732 ornne
2282 710 2446 744 peccatum
2470 704 2583 740 cordis,

1521 745 1584 775 oris
1601 752 1631 776 et
1650 745 1754 786 operis
1769 752 1873 786 potest
1888 747 1949 778 dici
1964 746 2169 787 blasphemia.
2190 748 2236 777 Ac
2251 756 2308 786 per
2323 746 2393 783 hoc,
2411 747 2584 778 multitudo

1521 796 1724 829 peccatorum
1747 800 1829 831 quae
1851 801 1889 822 ex
1911 797 1993 822 certa
2017 791 2137 821 malitia
2164 797 2301 831 possunt
2325 791 2492 828 committi,
2518 801 2584 822 non

1522 835 1626 865 obstat
1648 834 1726 875 quin
1749 845 1878 875 peccare
1903 845 1940 865 ex
1955 842 2038 866 certa
2060 835 2182 865 malitia
2203 835 2243 865 sit
2257 834 2482 878 blasphemia:
2506 845 2586 876 quo—

1522 878 1608 908 niam
1632 878 1740 920 omnia
1763 879 1816 909 illa
1838 879 2052 919 blasphemiae
2076 879 2187 910 saltem
2210 878 2314 919 operis
2337 885 2419 910 sunt.

1519 1005 1816 1047 SECUNDUS

556 1088 711 1119 UTRUM
736 1087 1077 1119 CONVENIENTER
1100 1088 1401 1119 ASSIGNENTUR
1425 1089 1503 1119 SEX
1527 1089 1698 1120 SPECIES
1720 1089 1907 1120 PECCATI
1933 1090 1974 1120 IN
1999 1089 2201 1120 SPIRITUM
2226 1089 2433 1120 SANCTUM

695 1166 771 1196 Infra,
791 1173 836 1198 qu.
853 1173 936 1196 xxxw,
956 1171 1003 1190 art.
1021 1174 1047 1197 4,
1067 1166 1098 1190 ad
1120 1173 1148 1195 2;
1169 1166 1188 1190 ll
1209 1166 1292 1194 Sent„
1313 1166 1370 1190 dist.
1389 1173 1459 1196 ιιι-ιιι,
1478 1171 1524 1190 art.
1545 1165 1575 1196 3;
1596 1166 1625 1190 In
1645 1166 1753 1195 Matth„
1773 1174 1829 1198 cap.
1848 1173 1896 1196 ¹¹¹3
1915 1167 1960 1191 Aa
1978 1167 2064 1196 Rom„
2084 1175 2141 1199 cap.
2159 1174 2187 1196 ιι,
2207 1167 2265 1191 lect.
2283 1174 2302 1192 1.

436 1253 497 1295 'aa’
523 1266 562 1284 s
589 1260 592 1263 ›
616 1249 638 1273 D
654 1248 844 1273 SECUNDUM
859 1249 912 1273 SIC
928 1248 1167 1273 PROCEDlTUR.
1183 1236 1343 1272 Videtur
1362 1235 1467 1283 quod
1494 1235 1495 1255 l

430 1281 594 1348 'staina
616 1289 929 1326 inconvenienter
965 1289 1201 1336 assignentur
1229 1300 1294 1325 sex
1323 1287 1467 1336 species

420 1334 469 1391 ’,ᾖ
482 1359 541 1388 nr,
556 1334 584 1391 ἦ
598 1340 760 1390 peccati
797 1342 835 1378 in
874 1341 1055 1390 Spiritum
1095 1342 1294 1378 Sanctum:
1330 1340 1469 1378 scilicet
1495 1367 1496 1370 η

421 1389 435 1401 ”
458 1372 556 1430 ἑ·Ψ)
572 1387 841 1443 Χάεερθτειῐίο,
866 1394 1136 1444 praesumptio,
1164 1394 1466 1443 impoenitentia,
1495 1412 1496 1429 ÷

405 1447 620 1494 obstinatio,
637 1448 872 1496 impugnatio
887 1447 1054 1484 veritatis
1075 1447 1222 1496 agnitae
1243 1455 1278 1484 et
1296 1447 1467 1484 inviden-

404 1500 455 1537 tia
475 1501 660 1537 fraternae
680 1501 835 1549 gratiae;
857 1513 952 1548 quas
979 1501 1124 1549 species
1143 1500 1250 1550 ponit
1276 1500 1467 1548 Magister,

403 1565 486 1589 xi.111
509 1553 591 1590 dist.
614 1555 644 1590 II
665 1554 728 1590 lib.
750 1555 848 1590 Sent.
880 1554 1030 1601 Negare
1055 1554 1157 1591 enim
1178 1554 1345 1591 divinam
1367 1553 1467 1589 iusti·
1495 1556 1497 1595 !

404 1606 495 1642 tiam
524 1607 586 1643 vel
613 1606 913 1644 misericordiam
938 1607 984 1643 ad
1005 1607 1264 1644 infidelitatem
1293 1606 1466 1655 pertinet.

406 1659 481 1696 Sed
496 1671 566 1707 per
581 1660 884 1708 desperationem
905 1659 1038 1708 aliquis
1055 1660 1169 1696 reiicit
1181 1665 1198 1681 α
1213 1659 1382 1696 divinam
1399 1659 1468 1695 mi-

404 1712 659 1759 sericordiam,
685 1725 753 1761 per
772 1713 1122 1761 praesumptionem
1150 1721 1277 1749 autem
1299 1712 1467 1749 divinam

404 1764 594 1801 iustitiam.
634 1766 735 1813 Ergo
757 1767 1060 1814 unumquodque
1091 1778 1224 1802 eorum
1249 1765 1375 1813 potius
1414 1773 1469 1801 est
1495 1796 1497 1816 ᾗ

405 1818 549 1866 species
571 1818 797 1855 infidelitatis
819 1831 934 1866 quam
954 1819 1097 1867 peccati
1116 1818 1154 1855 in
1173 1818 1353 1867 Spiritum
1376 1818 1468 1854 San·
1495 1821 1497 1847 ἓ

406 1879 520 1908 ctum.

459 1936 494 1960 2.
525 1925 758 1971 PRAETEREA,
788 1925 1075 1972 impoenitentia
1102 1923 1254 1960 videtur
1283 1923 1468 1972 respicere

403 1985 603 2025 peccatum
623 1978 880 2026 praeteritum,
898 1978 1099 2015 obstinatio
1119 1984 1246 2014 autem
1266 1984 1467 2025 peccatum

404 2030 585 2067 futurum.
617 2031 693 2067 Sed
721 2031 964 2079 praeteritum
994 2031 1055 2067 vel
1075 2029 1090 2060 β
1119 2030 1288 2067 futurum
1310 2042 1389 2066 non
1414 2029 1467 2066 di-

404 2083 621 2120 versificam
657 2084 824 2132 speciem
853 2084 999 2121 virtutis
1027 2084 1090 2120 vel
1122 2083 1222 2120 vitii:
1257 2083 1466 2120 secundum

406 2137 506 2173 enim
538 2137 700 2173 eandem
728 2137 847 2174 fidem
868 2149 944 2185 qua
979 2137 1170 2174 credimus
1191 2136 1383 2173 Christum
1403 2148 1469 2173 na-

404 2197 502 2236 tum,
532 2190 675 2238 antiqui
705 2190 945 2227 crediderunt
974 2203 1062 2227 eum
1090 2190 1335 2227 nasciturum.
1366 2190 1467 2237 Ergo

406 2242 609 2280 obstinatio
631 2250 666 2279 et
684 2242 971 2292 impoenitentia
999 2255 1076 2279 non
1099 2243 1239 2280 debent
1257 2242 1349 2290 poni
1369 2243 1467 2280 duae

405 2296 550 2344 species
577 2296 722 2345 peccati
755 2297 793 2332 in
824 2296 1005 2344 Spiritum
1036 2297 1230 2333 Sanctum.

460 2350 494 2385 3.
515 2350 748 2396 PRAETEREA,
769 2349 906 2386 veritas
926 2355 961 2385 et
977 2349 1104 2398 gratia
1123 2361 1195 2397 per
1212 2349 1338 2385 Iesum
1363 2348 1469 2384 Chri·
1495 2352 1497 2371 ‘

405 2407 503 2439 stum
528 2403 633 2447 facta
653 2407 715 2447 est,
736 2410 777 2438 ut
795 2403 956 2439 habetur
977 2404 1079 2438 Ioan.
1102 2414 1111 2438 1
1131 2401 1161 2437 ²¹⁸.
1192 2402 1293 2449 Ergo
1317 2401 1469 2440 videtur

406 2455 512 2503 quod
548 2455 783 2503 impugnatio
811 2455 976 2492 veritatis
1009 2455 1156 2503 agnitae
1191 2462 1226 2490 et
1262 2453 1468 2491 invidentia

406 2508 591 2544 fraternae
606 2507 745 2555 gratiae
761 2508 881 2556 magis
898 2507 1108 2556 pertineant
1128 2508 1176 2544 ad
1191 2506 1467 2555 blasphemiam

405 2561 443 2597 in
459 2561 595 2597 Filium
614 2561 779 2598 hominis
794 2566 809 2589 Υ
829 2573 945 2610 quam
966 2561 1014 2598 ad
1030 2559 1306 2609 blasphemiam
1328 2559 1366 2596 in
1386 2560 1469 2609 Spi-

407 2614 518 2651 ritum
550 2614 744 2651 Sanctum.

459 2679 496 2714 4.
518 2668 751 2713 PRAETEREA,
768 2666 986 2703 Bernardus
1011 2666 1110 2713 dicit,
1133 2666 1172 2702 in
1191 2665 1287 2703 libro
1311 2665 1362 2702 de
1385 2666 1470 2702 Dis-

400 2726 544 2768 pensat.
566 2726 600 2756 et
617 2721 807 2768 Praecept.
828 2719 860 2766 ³²⁶,
882 2719 986 2768 quod
1006 2719 1103 2756 nolle
1130 2719 1279 2755 obedire
1306 2723 1360 2754 est
1382 2719 1470 2755 resi-

170 2790 178 2797 ·
194 2787 251 2809 om.
266 2787 380 2814 amem,
405 2779 501 2810 stere
520 2774 674 2821 Spiritui
691 2774 839 2810 Sancto.
871 2773 1007 2809 Glossa
1023 2773 1042 2793 *
1063 2772 1176 2808 etiam
1198 2771 1296 2818 dicit,
1313 2772 1421 2807 Levit
1433 2783 1468 2818 x,

168 2813 197 2835 ad
211 2820 270 2835 vers.
286 2813 318 2835 16.

407 2827 511 2874 quod
539 2827 713 2863 simulata
737 2826 963 2875 poenitentia
984 2831 1037 2861 est
1055 2825 1284 2873 blasphemia
1313 2824 1471 2872 Spiritus

408 2881 545 2917 Sancti.
568 2880 742 2916 Schisma
762 2879 876 2916 etiarn
895 2879 1046 2915 videtur
1065 2878 1205 2915 directe
1225 2877 1371 2926 opponi
1388 2877 1471 2926 Spi-

409 2933 491 2969 ritui
520 2934 672 2979 Sancto,
693 2945 761 2981 per
785 2944 899 2980 quem
922 2931 1091 2968 Ecclesia
1111 2930 1249 2968 unitur.
1279 2931 1328 2967 Et
1347 2930 1396 2967 ita
1416 2930 1471 2966 vi-

409 2987 519 3023 detur
535 2986 639 3034 quod
660 2998 737 3021 non
758 2985 987 3022 sufficienter
1005 2984 1200 3021 tradantur
1219 2983 1365 3032 species
1383 2995 1471 3032 pec-

409 3039 479 3076 cati
507 3039 545 3075 in
576 3038 756 3087 Spiritum
787 3039 980 3074 Sanctum.

464 3092 538 3128 SED
558 3103 715 3137 CONTRA,
741 3090 973 3138 Augustinus
1006 3090 1105 3137 dicit,
1126 3089 1164 3126 in
1192 3089 1287 3126 libro
1316 3089 1362 3126 de
1379 3089 1473 3125 Fide

410 3145 462 3182 ad
473 3145 625 3182 Petrum
641 3144 672 3190 ²¹⁶,
694 3144 799 3193 quod
813 3143 864 3180 illi
883 3144 947 3192 qui
963 3144 1164 3192 desperant
1179 3143 1226 3180 de
1242 3141 1472 3190 indulgentia

409 3205 666 3247 peccatorum,
695 3198 754 3234 vel
784 3197 848 3246 qui
876 3197 955 3233 sine
985 3196 1127 3233 meritis
1147 3195 1194 3232 de
1214 3194 1473 3232 misericordia

410 3251 483 3288 Dei
516 3257 775 3300 praesumunt,
801 3257 960 3298 peccant
993 3250 1030 3286 in
1061 3249 1242 3298 Spiritum
1277 3249 1470 3285 Sanctum.

465 3382 492 3416 α)
512 3382 607 3413 reiicit.
625 3384 743 3414 —,negat
759 3380 802 3405 Al.

466 3416 491 3450 β)
510 3418 558 3442 vel.
574 3430 596 3436 -
612 3420 639 3441 et
657 3416 747 3446 AG111;
767 3415 848 3440 Sed...
859 3416 987 3448 futurum
1007 3422 1061 3439 om.
1080 3415 1110 3439 B.

465 3453 492 3512 ἔ)
511 3452 632 3478 hominis.
649 3465 669 3471 -
687 3451 748 3476 Om.
767 3451 832 3483 pr.
999 3484 1004 3490 ·

481 3488 490 3520 )
505 3490 622 3519 peccato.
641 3501 659 3506 -
678 3487 710 3511 de
724 3489 835 3518 peccato
853 3485 884 3515 D,
900 3487 1002 3516 peccati
1023 3484 1095 3509 PGa.

1522 1236 1570 1272 Et
1597 1235 1635 1272 in
1662 1236 1881 1273 Enchiridio
1900 1236 1920 1257 ²¹⁶
1949 1236 2037 1273 dicit
2065 1237 2171 1284 quod
2194 1237 2259 1284 qui
2282 1237 2319 1274 in
2339 1238 2585 1276 obstinatione

1494 1325 1495 1328 ,
1521 1289 1653 1326 mentis
1681 1289 1777 1325 diem
1806 1289 1947 1325 claudit
1973 1295 2196 1335 extremum,
2226 1301 2312 1325 reus
2330 1295 2382 1326 est
2395 1297 2551 1338 peccato
2569 1289 2583 1313 ⁶

1522 1341 1558 1377 in
1579 1341 1759 1390 Spiritum
1779 1342 1970 1379 Sanctum.
1992 1342 2041 1379 Et
2059 1341 2097 1378 in
2123 1341 2223 1385 libro⁴
2239 1342 2284 1378 de
2305 1343 2411 1379 Verb.
2435 1344 2548 1381 Dom.
2564 1343 2584 1365 '¹‘

1523 1394 1610 1431 dicit
1637 1395 1743 1442 quod
1771 1394 2059 1444 impoenitentia
2087 1403 2143 1432 est
2169 1402 2370 1443 peccatum
2398 1394 2437 1432 in
2471 1396 2585 1446 Spiri-

1495 1446 1604 1484 'tum
1643 1448 1838 1484 Sanctum.
1882 1448 1930 1484 Et
1965 1448 2002 1484 in
2035 1448 2131 1484 libro
2169 1447 2215 1484 de
2248 1448 2368 1485 Serm.
2397 1449 2512 1486 Dom.
2544 1449 2586 1488 in

1495 1544 1497 1555 .
1521 1501 1655 1537 Monte
1670 1501 1689 1521 *
1711 1500 1800 1537 dicit
1826 1501 1930 1549 quod
1959 1500 2121 1538 invidiae
2135 1501 2293 1549 facibus
2305 1502 2584 1546 fraternitatem
2611 1518 2620 1526 ·

1522 1554 1749 1603 impugnare
1771 1561 1825 1590 est
1843 1566 2003 1602 peccare
2019 1559 2030 1574 Ε
2050 1553 2088 1590 in
2109 1553 2289 1602 Spiritum
2311 1554 2505 1592 Sanctum.
2536 1556 2603 1592 Et*

1522 1607 1560 1643 in
1589 1606 1683 1643 libro
1708 1608 1753 1643 de
1777 1607 1894 1644 Unico
1913 1608 2022 1654 Bapt.
2039 1606 2058 1627 '¹‘
2079 1607 2166 1643 dicit
2185 1607 2288 1655 quod
2309 1608 2374 1655 qui
2390 1609 2583 1646 veritatem
2614 1623 2622 1630 ·

1495 1689 1497 1705 ἢ
1522 1660 1734 1712 contemnit,
1763 1665 1830 1695 aut
1855 1660 1957 1696 circa
1974 1661 2122 1707 fratres
2149 1660 2340 1713 malignus
2367 1666 2431 1706 est,
2452 1662 2585 1709 quibus

1496 1736 1497 1742 ι
1521 1713 1658 1749 veritas
1679 1712 1867 1749 revelatur
1875 1725 1888 1756 ,·
1915 1718 1983 1749 aut
2008 1713 2110 1749 circa
2129 1713 2254 1750 Deum
2276 1714 2459 1762 ingratus,
2479 1715 2586 1751 cuius

1522 1765 1764 1813 inspiratione
1777 1765 1945 1810 Ecclesia
1961 1766 2172 1808 instruitur,·
2193 1774 2228 1802 et
2243 1765 2296 1803 sic
2309 1766 2460 1803 videtur
2479 1767 2585 1816 quod

1521 1818 1719 1866 peccet'in
1750 1817 1931 1866 Spiritum
1963 1819 2157 1855 Sanctum.

1575 1872 1801 1908 RESPONDEO
1816 1883 2000 1908 D1CENDUM
2016 1871 2133 1919 quod,
2150 1871 2360 1908 secundum
2376 1873 2482 1920 quod
2497 1884 2586 1954 peel

1523 1931 1648 1961 catum
1678 1924 1715 1960 in
1746 1924 1926 1972 Spiritum
1958 1925 2138 1960 Sanctum
2168 1925 2276 1960 tertio
2306 1926 2424 1962 modo
2449 1925 2570 1974 accipi

1521 1985 1581 2013 tur
1594 1977 1624 2012 *.
1648 1977 1919 2014 convenienter
1940 1978 2156 2025 praedictae
2176 1976 2320 2026 species
2340 1977 2375 2014 ei
2393 1978 2585 2026 assignan-

1522 2038 1591 2066 tur.
1610 2030 1720 2076 Quae
1737 2030 2015 2078 distinguuntur
2028 2030 2240 2068 secundum
2256 2031 2509 2069 remotionem
2522 2027 2585 2070 vel

1523 2091 1786 2132 contemptum
1820 2095 1954 2120 eorum
1987 2095 2056 2132 per
2088 2095 2186 2132 quae
2220 2091 2344 2131 potest
2378 2083 2500 2122 horno
2532 2085 2589 2123 ab<

1523 2136 1704 2173 electione
1724 2136 1869 2184 peccati
1893 2136 2081 2184 impediri.
2113 2136 2223 2183 Quae
2243 2136 2398 2184 quidem
2418 2145 2505 2174 sunt
2522 2137 2585 2174 vel

1523 2202 1567 2225 ex
1595 2197 1701 2237 parte
1738 2189 1854 2226 divini
1893 2188 2038 2233 iudicii;
2067 2189 2130 2225 vel
2169 2200 2214 2226 ex
2250 2197 2356 2237 parte
2391 2190 2583 2227 donorum

1522 2242 1654 2290 ipsius3
1674 2243 1735 2279 vel
1758 2242 1870 2279 etiam
1891 2254 1935 2278 ex
1950 2249 2054 2290 parte
2075 2241 2191 2290 ipsius
2210 2242 2367 2290 peccati.
2393 2242 2586 2280 Avertitur

1523 2294 1624 2331 enim
1644 2296 1764 2332 homo
1785 2295 1832 2332 ab
1854 2294 2036 2332 electione
2055 2294 2201 2344 peccati
2218 2296 2263 2332 ex
2283 2291 2587 2337 consideratione

1522 2347 1640 2385 divini
1669 2347 1810 2394 iudicii,
1841 2347 1946 2396 quod
1973 2348 2090 2384 habet
2116 2347 2294 2385 iustitiam
2323 2360 2412 2384 cum
2440 2347 2586 2386 miseri-

1523 2401 1664 2447 cordia,
1693 2409 1730 2438 et
1758 2413 1825 2449 per
1853 2413 1973 2449 spem,
1995 2413 2093 2449 quae
2119 2400 2309 2448 consurgit
2337 2413 2381 2437 ex
2411 2401 2584 2438 conside·-

1522 2454 1667 2490 ratione
1695 2453 1976 2490 misericordiae
1997 2453 2218 2490 remittentis
2237 2461 2394 2502 peccata
2423 2461 2459 2491 et
2477 2464 2585 2502 prae-

1522 2507 1672 2543 miantis
1701 2507 1815 2553 bona,
1846 2513 1882 2543 et
1903 2507 2000 2543 haec
2027 2506 2167 2543 tollitur
2184 2518 2254 2555 per
2271 2506 2584 2556 desperationem.-

1524 2568 1559 2596 et
1586 2559 1722 2596 iterum
1752 2572 1820 2608 per
1847 2559 2039 2606 timorem,
2061 2559 2126 2608 qui
2143 2558 2328 2607 insurgitt
2347 2572 2393 2596 ex
2413 2559 2584 2599 conside-

1495 2633 1496 2639 ι
1523 2613 1668 2650 ratione
1697 2612 1850 2650 divinae
1878 2612 2037 2649 iustitiae
2057 2612 2248 2661 punientis
2267 2619 2438 2661 peccata3
2469 2619 2506 2649 et
2523 2611 2586 2654 hia

1522 2666 1661 2702 tollitur
1688 2678 1756 2714 per
1778 2666 2136 2714 praesumptionem,
2166 2665 2259 2702 dum
2287 2665 2427 2702 scilicet
2450 2665 2585 2713 aliquis

1523 2731 1564 2755 se
1591 2718 1801 2766 praesumit
1824 2723 1842 2745 η
1870 2718 2027 2765 gloriam
2055 2717 2212 2766 adipisci
2240 2717 2320 2754 sine
2346 2717 2502 2765 meritis,
2522 2718 2584 2755 vel

1522 2771 1676 2808 veniam
1707 2771 1785 2807 sine
1818 2770 2058 2818 poenitentia.

1577 2825 1689 2861 Dona
1717 2831 1845 2860 autern
1874 2823 1946 2860 Dei
1968 2823 2106 2871 quibus
2125 2823 2350 2860 retrahimur
2377 2835 2399 2860 a
2426 2830 2584 2872 peccato

1523 2885 1609 2914 sunt
1637 2877 1726 2914 duo.
1765 2876 1942 2922 Quorum
1981 2888 2100 2913 unum
2132 2883 2186 2913 est
2219 2875 2359 2923 agnitio
2395 2875 2583 2913 veritatis:

1524 2938 1654 2967 contra
1683 2929 1788 2978 quod
1808 2929 1962 2978 ponitur
1981 2929 2216 2978 impugnatio
2234 2929 2399 2966 veritatis
2419 2929 2583 2979 agnitae,

1525 2983 1615 3020 dum
1644 2983 1784 3019 scilicet
1812 2982 1943 3030 aliquis
1971 2982 2169 3019 veritatem
2204 2982 2295 3019 fidei
2323 2982 2488 3030 agnitam
2517 2982 2585 3019 irn-

1523 3043 1665 3086 pugnat
1692 3043 1734 3072 ut
1761 3035 1932 3072 licentius
1965 3042 2108 3084 peccet.
2132 3055 2157 3063 -
2180 3035 2294 3072 Aliud
2324 3042 2379 3072 est
2405 3034 2585 3072 auxilium

1523 3089 1709 3126 interioris
1736 3088 1894 3137 gratiae:
1926 3095 2056 3125 contra
2076 3087 2180 3136 quod
2209 3087 2361 3136 ponitur
2384 3087 2585 3125 invidentia

1511 3144 1716 3191 fraternae
1742 3141 1902 3192 gratiae,
1933 3140 2025 3178 dum
2051 3141 2192 3178 scilicet
2209 3140 2343 3190 aliquis
2362 3153 2440 3178 non
2459 3141 2586 3180 solum

1523 3195 1667 3233 invidet
1694 3207 1880 3243 personae
1902 3194 2035 3240 fratris,
2065 3194 2132 3231 sed
2153 3193 2264 3231 etiam
2284 3193 2428 3231 invidet
2446 3193 2585 3241 gratiae

1524 3248 1597 3286 Dei
1626 3247 1807 3285 crescenti
1835 3247 1873 3284 in
1901 3246 2060 3284 mundo.

1580 3378 1602 3410 ε)
1618 3384 1738 3409 peceare.
1755 3390 1774 3396 -
1787 3380 1927 3409 peccatum
1947 3376 2037 3406 PCEn,
2052 3382 2135 3407 pecca
2152 3376 2179 3401 in
2196 3375 2249 3401 fine
2267 3376 2349 3401 lineae
2366 3383 2391 3401 a.

1579 3412 1594 3442 ζ
1624 3412 1748 3446 insurgit.
1766 3425 1786 3431 ·-
1803 3412 1942 3445 consurgit
1961 3411 2066 3436 PDGlx.

1579 3456 1594 3479 η
1625 3455 1653 3473 se
1668 3447 1824 3480 praesumit.
1842 3461 1861 3466 -
1875 3447 2026 3479 praesumit
2051 3446 2147 3476 CLsK,
2162 3446 2313 3478 praesumit
2330 3452 2358 3471 se
2376 3445 2452 3475 PGa,·
2470 3445 2584 3478 gloriam

1526 3483 1641 3516 adipisci
1658 3490 1711 3507 om.
1730 3483 1761 3512 1).
1780 3483 1893 3516 gloriam
1910 3490 1989 3514 posse
2007 3482 2122 3514 adipisci
2139 3482 2166 3506 P.

2613 572 2755 594 'commane
2761 578 2785 594 ιι.
2792 578 2824 596 ιιι.

2611 1992 2623 2003 “
2637 1991 2673 2014 Cf.
2691 1995 2732 2014 m.
2747 1997 2823 2020 praec.
