2892 4056
123 789 133 800 ⁸
147 788 213 811 ναι.
228 789 250 810 6.

113 2917 123 2927 ·
138 2916 173 2938 Cf.
187 2915 260 2938 Arist.
277 2916 323 2937 To·

108 2941 231 2973 piamun
245 2948 323 2969 capa,

113 2974 136 2990 n.
148 2974 171 2993 2:
182 2969 222 2990 lib.
231 2958 262 2994 V,
271 2974 323 2996 cap.

110 3001 160 3022 vm,
174 3001 197 3016 u.
211 3001 232 3023 3,
246 3001 270 3022 4.

114 3218 123 3226 ·
134 3215 157 3238 1²
168 3216 222 3243 11⁸0,
232 3223 272 3244 qu.
286 3223 323 3244 ιιι,

228 3250 250 3265 u.
264 3250 308 3265 axv
317 3261 323 3269 ,

113 3270 216 3292 amu-C
226 3276 323 3298 .qu.uv,

110 3296 323 3323 m.4,00mment.

111 3328 179 3344 num.
192 3329 217 3346 x.

111 3248 156 3266 Ιῐῐ.
171 3249 194 3268 ²:

1045 177 1310 223 QUAESTIO
1339 177 1459 224 XLV,
1489 177 1783 214 ARTICULUS
1811 177 1846 213 V

2453 176 2526 223 343

1146 283 1463 326 ARTICULUS
1497 283 1754 335 QUlNTUS

802 375 957 406 UTRUM
980 376 1205 407 SAPIENTIA
1229 376 1295 407 SIT
1319 376 1363 407 IN
1385 361 1575 407 OMNIBUS
1599 376 1870 408 HABENTIBUS
1893 377 2091 408 GRATIAM

1214 454 1236 478 1³
1256 453 1310 482 11⁸⁰.
1330 461 1376 486 qu.
1393 460 1478 483 vam,
1497 458 1544 478 art.
1565 453 1588 485 5,
1607 455 1639 479 ad
1661 462 1682 479 ι.

419 574 536 635 ζ
572 576 754 624 sapientia
785 587 862 613 non
898 576 944 613 sit
971 576 1010 612 in
1037 575 1217 612 omnibus
1249 577 1420 613 habenti-v

380 660 399 677 ,μ
440 642 497 670 ν’,
519 626 644 668 (bus
680 629 850 676 gratiam.
888 628 1014 665 Maius
1051 629 1150 665 enim
1190 638 1244 665 est
1273 629 1420 677 sapien-

417 655 512 720 ξ’
528 672 663 725 tiam
696 683 839 719 habere
872 693 987 730 quam
1018 681 1241 729 sapientiam
1275 682 1419 719 audire.

361 730 439 768 Sed
467 733 594 771 solum
630 735 887 782 perfectorum
926 741 981 770 est
1009 733 1233 782 sapientiam
1268 735 1418 772 audire:

360 785 572 823 secundum
601 786 692 824 illud
721 788 735 823 I
756 787 808 823 ad
829 787 916 823 Cor.
946 798 969 823 11
989 786 1024 823 *t
1055 787 1282 834 Sapientiam
1302 788 1421 836 loqui-

359 849 448 874 mur
465 838 562 875 inter
574 841 772 888 perfectos.
793 839 894 876 Cum
914 851 1004 887 ergo
1025 851 1103 876 non
1122 851 1258 876 omnes
1278 841 1421 877 haben-

359 898 416 927 tes
443 891 602 938 gratiam
631 892 704 928 sint
730 892 896 940 perfecti,
917 892 1070 929 videtur
1089 892 1193 939 quod
1214 893 1333 928 multo
1353 893 1422 929 mi-

359 955 431 980 nus
451 944 588 981 omnes
606 945 791 981 habentes
810 943 968 991 gratiam
990 944 1213 992 sapientiam
1243 945 1418 981 habeant.

413 1007 448 1032 2.
478 997 720 1042 PRAETEREA,
753 997 928 1044 sapientis
956 1003 1011 1033 est
1035 998 1232 1042 ordinare‚·
1257 1005 1300 1034 ut
1332 998 1419 1034 Phi-

324 1063 331 1096 ς
357 1049 542 1097 Iosephus
569 1049 669 1100 dicit,
702 1050 741 1086 in
769 1050 956 1100 principio
984 1051 1201 1099 Metaphys.
1225 1050 1246 1072 '¹‘
1274 1051 1323 1087 Et
1347 1051 1419 1088 lac.

357 1111 394 1138 111
421 1100 443 1122 ⁸
469 1101 605 1139 dicitur
641 1103 745 1152 quod
774 1111 830 1140 est
857 1104 1027 1140 iudicans
1058 1104 1139 1140 sine
1171 1104 1419 1141 simulatione.

357 1153 436 1191 Sed
455 1165 534 1191 non
564 1156 739 1193 omnium
758 1156 981 1194 habentium
1009 1156 1169 1204 gratiam
1200 1164 1255 1193 est
1275 1157 1322 1193 de
1341 1157 1421 1194 aliis

355 1206 525 1244 iudicare
554 1216 618 1245 aut
646 1209 739 1246 alios
769 1209 957 1256 ordinare,
986 1210 1054 1246 sed
1081 1211 1206 1246 solum
1234 1211 1420 1258 praelato-

356 1271 454 1297 rum.
484 1261 587 1311 Elrgo
613 1274 694 1299 non
723 1263 898 1300 omnium
927 1262 1150 1299 habentium
1177 1262 1336 1310 gratiam
1366 1271 1423 1300 est

355 1311 508 1350 habere
526 1314 764 1363 sapientiam.

412 1369 446 1404 3.
470 1368 704 1415 PRAETEREA,
724 1369 907 1417 sapientia
927 1368 1036 1405 datur
1055 1376 1186 1404 contra
1205 1368 1420 1415 stultitiam3

391 536 422 577 ῃ
450 540 454 551 ι
543 548 546 555 .
573 534 595 559 D
615 535 777 565 Qum‘rum
801 535 855 560 stc
874 534 1113 560 paocnnrrun.
1132 523 1292 560 Videtur
1314 523 1420 571 quod

394 576 431 669 ἓ,

258 1445 264 1454 .
300 1443 307 1449 ·
355 1427 399 1457 ut
424 1420 633 1469 Gregorius
659 1421 760 1468 dicit,
781 1422 819 1458 in
841 1422 872 1458 11
900 1421 1045 1457 Moral.
1064 1420 1085 1442 ²¹¹
1114 1421 1191 1457 Sed
1220 1421 1328 1458 multi
1355 1422 1422 1458 ha-

299 1471 306 1476 '
355 1474 491 1511 bentes
528 1473 688 1522 gratiam
727 1481 814 1510 sunt
847 1473 1065 1510 naturaliter
1092 1473 1211 1509 stulti:
1250 1481 1292 1510 ut
1318 1482 1423 1524 patet

356 1527 405 1565 de
431 1527 648 1575 amentibus
667 1527 876 1575 baptizatis,
894 1526 957 1563 vel
985 1526 1050 1574 qui
1070 1526 1319 1574 postmodum
1340 1527 1421 1564 sine

353 1581 514 1630 pecc'a't'o
551 1579 590 1617 in
627 1580 835 1617 amentiam
871 1579 1042 1616 incidunt
1075 1584 1103 1615 α.
1135 1579 1237 1627 Ergo
1275 1591 1353 1617 non
1382 1580 1420 1617 in

328 1678 332 1684 .
355 1633 535 1680 omnihus
561 1633 790 1676 habentibus
818 1633 979 1681 gratiam
1008 1640 1065 1669 est
1092 1632 1289 1680 sapientia.

368 1735 370 1737 p
409 1686 485 1724 ssu
513 1697 660 1724 CONTRA
679 1696 747 1723 Es‘r
764 1686 870 1736 quod
889 1685 1122 1734 quicumque
1143 1685 1208 1733 qui
1228 1684 1244 1715 β
1262 1693 1320 1722 est
1339 1686 1420 1738 sine

353 1746 513 1790 peccato
542 1739 693 1777 mortali
731 1739 895 1788 diligitur
921 1751 943 1776 a
971 1740 1078 1776 Deo:
1109 1738 1196 1787 quia
1225 1739 1420 1776 caritatem

312 1807 313 1811 ¹
353 1794 481 1839 habet,
511 1793 594 1840 qua'
615 1793 744 1830 Deum
774 1792 905 1840 diligit;
934 1792 1196 1829 Deusautem
1227 1791 1422 1842 diligentes

352 1848 394 1884 se
419 1846 556 1896 diligit,
584 1853 628 1883 ut
654 1846 789 1884 dicitur
815 1847 928 1883 Prov.
955 1857 1018 1882 vm
1036 1845 1067 1881 ²¹⁶.
1099 1845 1175 1882 Sed
1205 1846 1292 1893 Sap.
1313 1857 1362 1882 vn
1379 1845 1421 1868 ⁸*

354 1899 492 1938 dieitur
517 1899 624 1948 quod
651 1900 838 1937 neminem
867 1898 990 1948 diligit
1014 1898 1220 1935 Deus'nisi
1244 1910 1330 1935 eum
1356 1900 1422 1947 qu‘i

352 1955 451 1992 cum'
467 1952 651 2001 sapientia
669 1953 862 1990 inhabitat.
893 1952 995 2000 Ergo
1014 1951 1054 1988 in
1073 1951 1255 1988 omnibus
1275 1952 1419 1988 haben-

350 2005 452 2054 tibus
479 2005 650 2055 gratiam,
681 2006 761 2044 sine
789 2012 947 2054 peccato
975 2004 1125 2042 mortali
1159 2004 1418 2053 existentibus,

351 2067 410 2098 est
436 2058 636 2108 sapientia.
1403 2058 1409 2063 '

404 2113 631 2150 Raspoumzo
652 2123 836 2149 ῡιεΕΝῡυΜ
865 2110 971 2159 quod
999 2110 1182 2158 sapientia
1202 2111 1249 2147 de
1269 2122 1344 2159 qua
1363 2111 1419 2147 lo-

351 2164 518 2216 quimur,
538 2165 634 2203 sicut
653 2165 798 2206 dictum
819 2170 875 2200 est
891 2162 923 2208 ²¹³,
944 2163 1126 2211 importat
1145 2164 1339 2212 quandam
1361 2177 1418 2201 re-

351 2219 575 2259 ctitudinem
601 2217 729 2256 iudicii
758 2217 856 2254 circa
877 2216 1007 2254 divina
1029 2224 1064 2253 et
1092 2217 1363 2266 conspicienda
1383 2225 1420 2254 et

351 2273 599 2311 consulenda.
629 2271 679 2308 Et
698 2271 890 2320 quantum
903 2269 952 2306 ad
969 2277 1189 2318 utrumque,
1211 2281 1256 2306 ex
1274 2270 1418 2307 unione

351 2325 400 2364 ad
420 2323 551 2364 divina
566 2322 779 2362 secundum
796 2322 969 2360 diversos
985 2323 1123 2370 grad'us
1143 2322 1255 2371 aliqui
1268 2323 1418 2372 sapien-

350 2378 441 2416 tiam
470 2377 687 2416 sortiuntur.
717 2375 886 2424 Quidam
916 2375 1018 2412 enim
1037 2382 1183 2412 tantum
1213 2362 1444 2423 sortiuntur!

404 2490 431 2524 α)
452 2490 582 2516 incidunt.
601 2504 619 2508 -
637 2489 732 2514 incidit
750 2489 779 2518 L,
800 2488 952 2514 inciderunt
970 2489 998 2513 P.

404 2526 430 2559 β)
448 2526 504 2559 qui.
521 2539 540 2545 -
558 2526 620 2550 Om.
640 2525 734 2550 DGsA.

1473 525 1520 560 de
1549 530 1651 560 recto
1679 523 1830 571 iudicio,
1859 531 1935 560 tam
1966 525 2004 560 in
2033 526 2355 574 contemplatione
2383 525 2529 564 divino—

1473 588 1558 612 rum
1586 588 1703 624 quam
1733 577 1847 613 etiarn
1876 577 1914 613 in
1933 577 2170 615 ordinatione
2198 590 2326 615 rerum
2345 580 2529 617 humana-

1473 641 1557 665 rum
1586 630 1797 667 secundum
1827 629 1973 666 divinas
2002 632 2160 678 regulas,
2180 640 2367 679 quantum
2392 640 2448 669 est
2466 645 2531 669 ne-

1473 682 1678 718 cessarium
1715 682 1764 719 ad
1792 683 1964 719 salutern.
2004 684 2053 719 Et
2079 684 2155 720 hoc
2190 684 2280 721 nulli
2309 685 2415 722 deest
2450 685 2530 722 sine

1471 742 1628 782 peccato
1655 735 1804 771 mortali
1835 735 2004 772 existenti
2031 747 2100 783 per
2126 737 2283 784 gratiam
2312 742 2465 785 gratum
2478 739 2531 775 fa-

1473 787 1652 823 cientem:
1689 788 1779 835 quia
1808 788 1838 824 si
1866 796 2000 825 natura
2028 800 2106 824 non
2139 790 2266 826 deficit
2293 790 2331 827 in
2359 802 2532 827 necessa-

1472 840 1546 886 riis,
1568 841 1687 876 multo
1709 841 1833 877 minus
1853 840 1980 888 gratia.
2010 841 2121 878 Unde
2141 842 2276 879 dicitur
2296 844 2309 879 1
2331 845 2434 880 Ioan.
2452 856 2474 880 11
2493 844 2530 880 *τ
2557 848 2567 858 “
2596 847 2617 868 '²
2630 854 2641 868 ⁵

1477 893 1608 929 Unctio
1636 893 1743 929 docet
1768 905 1834 929 vos
1861 894 1907 930 de
1934 894 2118 930 omnibus.

1525 945 1694 992 Quidam
1732 953 1859 982 autem
1889 946 2009 982 altiori
2045 947 2163 993 gradu
2191 947 2403 996 percipiunt
2430 953 2446 976 Υ
2474 961 2532 985 sa-

1471 997 1636 1045 pientiae
1675 998 1838 1044 donum,
1874 1005 1910 1034 et
1946 1006 2131 1046 quantum
2170 1001 2217 1036 ad
2245 1002 2533 1050 contemplatio-

1472 1062 1561 1086 nem
1590 1050 1822 1097 divinorum,
1851 1051 2077 1099 inquantum
2107 1051 2247 1088 scilicet
2266 1053 2398 1090 altiora
2417 1066 2533 1103 quae-

1473 1104 1561 1140 dam
1591 1103 1772 1152 mysteria
1801 1110 1838 1140 et
1866 1112 2102 1151 cognoscunt
2130 1112 2166 1141 et
2192 1105 2272 1141 aliis
2292 1107 2532 1144 manifestare

1470 1164 1647 1205 possunt;
1670 1165 1705 1192 et
1724 1156 1838 1192 etiarn
1854 1165 2038 1205 quantum
2059 1157 2108 1194 ad
2129 1157 2376 1195 directionem
2397 1161 2533 1196 huma-

1472 1222 1610 1246 norum
1631 1210 1842 1246 secundum
1857 1211 2004 1257 regulas
2024 1210 2185 1258 divinas,
2201 1211 2425 1260 inquantum
2445 1225 2533 1261 pos-

1471 1270 1560 1300 sunt
1587 1264 1799 1299 secundum
1821 1274 1885 1299 eas
1904 1274 1983 1299 non
2004 1264 2130 1300 solum
2151 1264 2308 1313 seipsos,
2330 1265 2397 1302 sed
2418 1266 2532 1302 etiam

1472 1317 1566 1353 alios
1594 1316 1782 1352 ordinare.
1813 1316 1863 1352 Et
1889 1315 1958 1352 iste
1986 1316 2126 1363 gradus
2145 1318 2352 1366 sapientiae
2379 1331 2457 1355 non
2478 1327 2535 1356 est

1473 1369 1689 1406 communis
1718 1368 1898 1405 omnibus
1933 1369 2162 1406 habentibus
2198 1371 2354 1418 gratiam
2383 1379 2531 1419 gratum

1472 1422 1693 1468 facientem,
1728 1422 1795 1458 sed
1824 1421 1944 1469 magis
1978 1422 2141 1469 pertinet
2174 1423 2222 1460 ad
2250 1424 2384 1471 gratias
2420 1425 2533 1472 gratis

1473 1475 1591 1521 datas,
1621 1486 1715 1523 quas
1737 1474 1896 1522 Spiritus
1926 1474 2087 1511 Sanctus
2115 1475 2299 1513 distribuit
2309 1482 2428 1525 prout
2443 1478 2532 1524 vult,

1472 1527 1685 1564 secundum
1713 1526 1805 1563 illud
1834 1527 1846 1562 1
1877 1527 1928 1562 ad
1958 1527 2044 1563 Cor.
2074 1539 2121 1563 xn
2149 1527 2190 1564 *t
2219 1529 2299 1565 Alii
2329 1530 2442 1566 datur
2461 1542 2536 1578 per
2560 1537 2747 1566 ‘Vers-b'sqq-

1472 1581 1652 1629 Spiritum
1679 1591 1804 1616 sermo
1831 1580 2047 1627 sapientiae,
2079 1588 2147 1616 etc.

1524 1636 1584 1671 Ao
1617 1644 1755 1670 patmum
1783 1643 1881 1669 ERGO
1905 1641 2089 1669 mensuum
2108 1633 2215 1681 quod
2243 1635 2452 1683 Apostolus
2478 1637 2533 1672 lo-

1472 1688 1600 1735 quitur
1618 1686 1670 1723 ibi
1699 1685 1746 1722 de
1767 1685 1951 1734 sapientia
1979 1687 2190 1723 secundum
2219 1687 2324 1735 quod
2344 1700 2385 1724 se
2405 1696 2533 1725 exten-

1471 1741 1525 1777 dit
1552 1740 1600 1777 ad
1630 1739 1778 1775 occulta
1806 1738 1984 1786 mysteria
2014 1738 2255 1776 divinorum:
2287 1740 2382 1777 sicut
2410 1749 2446 1778 et
2465 1741 2533 1778 ibi-

1471 1795 1560 1831 dem
1580 1792 1600 1815 *
1620 1791 1753 1829 dicitur
1772 1789 1800 1827 ⁶:
1831 1792 2042 1840 Loquimur
2059 1792 2136 1829 Dei
2149 1793 2371 1841 sapientiam
2391 1794 2429 1831 in
2449 1807 2533 1844 my·
2559 1803 2567 1810 '
2607 1808 2618 1822 e

1468 1847 1581 1883 sterio
1608 1844 1876 1882 absconditam.

1523 1902 1582 1936 An
1610 1909 1800 1935 SECUNDUM
1827 1908 2011 1934 DICENDUM
2031 1897 2136 1946 quod
2157 1899 2334 1946 quamvis
2354 1900 2532 1937 ordinare

1470 1952 1564 1989 alios
1577 1950 1754 1989 homines
1775 1957 1811 1986 et
1826 1950 1874 1987 de
1894 1950 1948 1986 eis
1966 1950 2133 1987 iudicare
2152 1951 2339 2002 pertineat
2357 1953 2406 1989 ad
2429 1954 2532 1990 solos

1469 2006 1677 2054 praelatos,
1706 2007 1836 2040 tamen
1865 2003 2041 2040 ordinare
2073 2000 2261 2052 proprios*
2285 2012 2390 2042 actus
2420 2013 2455 2042 et
2484 2007 2531 2043 de

1469 2058 1522 2095 eis
1550 2057 1718 2095 iudicare
1746 2055 1909 2105 pertinet
1935 2057 1984 2093 ad
2003 2068 2341 2106 unumquemque;
2369 2066 2411 2095 ut
2428 2067 2532 2107 patet

1469 2124 1538 2160 per
1566 2110 1807 2158 Dionysium,
1829 2109 1866 2145 in
1897 2109 2053 2157 epistola
2081 2111 2133 2146 ad
2158 2111 2423 2159 Demophilum
2441 2113 2472 2149 *.

1522 2165 1581 2201 An
1606 2174 1767 2200 'suarium
1795 2169 1979 2199 monimum
2008 2163 2112 2211 quod
2141 2171 2312 2200 amentes
2340 2165 2530 2213 baptizati,

1469 2217 1564 2254 sicut
1593 2223 1629 2252 et
1656 2215 1785 2264 pueri,
1815 2216 1955 2252 habent
1984 2215 2140 2263 quidem
2176 2216 2348 2254 habitum
2385 2218 2532 2267 sapien-

1468 2270 1554 2317 tiae,
1584 2268 1796 2306 secundum
1827 2268 1932 2316 quod
1951 2276 2006 2304 est
2034 2269 2180 2306 donum
2202 2269 2364 2318 Spiritus
2384 2271 2532 2309 Sancti:

1469 2323 1536 2360 sed
1564 2335 1643 2359 non
1671 2322 1814 2358 habent
1842 2329 1989 2367 actum,
2027 2328 2184 2370 propter
2210 2322 2530 2371 impedimentum

1470 2375 1668 2424 corporale
1696 2386 1774 2423 quo
1803 2374 2007 2422 impeditur
2035 2374 2072 2410 in
2102 2374 2155 2411 eis
2182 2387 2274 2412 usus
2302 2376 2468 2414 rationis.

1522 2489 1549 2522 γ)
1566 2489 1728 2520 percipiunt.
1746 2501 1765 2507 -
1779 2487 1922 2521 perficiunt
1941 2487 1970 2512 Ρ.
2531 2517 2536 2522 .

1523 2523 1548 2556 ὅ)
1567 2524 1674 2549 dicitur.
1687 2537 1705 2542 -
1718 2523 1783 2548 dicit
1802 2523 1836 2552 P;
1855 2523 1946 2550 eadem
1959 2530 2007 2555 pro
2025 2523 2215 2552 absconditam,
2230 2531 2298 2555 quae
2310 2524 2468 2550 abscondita
2481 2530 2530 2552 est.

1024 2602 1358 2635 Commentaria
1381 2602 1632 2635 Cardinalis
1654 2601 1855 2634 Caietam

379 2695 402 2716 Ν
424 2685 557 2716 articulo
581 2685 706 2724 quinto,
731 2683 852 2714 omisso
875 2690 1000 2723 quarto,
1025 2682 1159 2712 dubium
1183 2682 1328 2717 occurrit,
1346 2691 1412 2722 quo

381 2736 476 2770 pacto
492 2728 664 2769 sapientiae
678 2728 803 2758 donum
827 2727 1005 2758 secundum
1020 2726 1164 2757 altiorem
1186 2726 1320 2766 gradum
1336 2736 1414 2766 ,spe-

349 2781 413 2807 etet
434 2774 475 2804 ad
496 2773 629 2814 gratiam
653 2773 748 2812 gratis
771 2772 893 2802 datam:
923 2781 997 2802 cum
1020 2770 1190 2810 sapientiae
1220 2771 1344 2800 donum
1367 2780 1413 2800 se-

349 2818 493 2850 cundum
507 2825 610 2848 totam
624 2815 825 2847 latitudinem
848 2815 1049 2856 perfectionis
1071 2825 1146 2845 suae
1171 2821 1296 2854 gratum
1312 2814 1412 2845 faciat.

350 2862 486 2894 Constat
513 2861 598 2892 enim
631 2861 720 2902 quod
749 2862 832 2891 sicut
860 2859 1047 2900 simpliciter
1068 2859 1112 2889 ad
1133 2859 1337 2898 simpliciter,
1369 2859 1414 2889 ita

350 2906 458 2947 magis
478 2905 523 2936 ad
544 2906 668 2946 magis,
693 2911 751 2935 etc.
776 2903 809 2934 *:
840 2914 875 2934 ac
899 2913 956 2943 per
978 2903 1053 2939 hoc,
1078 2903 1249 2942 sapientiae
1273 2903 1412 2939 donum,

350 2948 536 2990 simpliciter
549 2955 676 2989 gratum
691 2947 819 2984 faciens,
835 2948 938 2978 maius
954 2947 1054 2987 magis
1069 2953 1194 2986 gratum
1209 2946 1311 2978 faciet.
1336 2946 1414 2978 Gra·

350 2994 394 3025 tia
415 3000 524 3025 autem
545 2993 640 3033 gratis
663 2993 735 3023 data
758 2991 859 3023 differt
881 3001 899 3022 a
921 2999 1047 3032 gratum
1070 2991 1202 3021 faciente
1225 3000 1322 3031 penes
1343 3000 1414 3030 gra-

349 3045 422 3070 tum
437 3037 537 3068 facere
556 3044 587 3068 et
602 3047 668 3068 non
682 3043 808 3076 gratum
823 3035 936 3072 facere,
953 3036 1039 3076 apud
1052 3038 1238 3071 Auctorem,
1253 3034 1286 3065 in
1306 3035 1332 3064 1·
1348 3035 1413 3071 11²⁸,

351 3092 405 3123 qu.
431 3091 490 3118 cxx,
515 3088 571 3112 art.
601 3092 626 3117 ι,
651 3081 690 3110 ad
714 3080 772 3110 ult.

406 3126 456 3156 Ad
479 3125 574 3156 huius
597 3123 641 3155 rei
666 3123 855 3154 evidentiam
881 3123 959 3153 scito
983 3123 1072 3163 quod
1095 3121 1256 3162 sapientia,
1280 3122 1362 3153 sicut
1384 3129 1415 3153 et

351 3169 489 3206 scientia,
505 3169 673 3209 dupliciter
688 3174 793 3208 potest
809 3166 931 3206 augeri:
953 3167 1069 3197 scilicet
1083 3166 1248 3202 intensive,
1265 3172 1296 3196 et
1310 3166 1415 3197 exten-

351 3214 432 3250 sive;
472 3223 508 3244 ex
532 3219 619 3254 parte
642 3212 760 3242 scilicet
782 3210 922 3247 subiecti,
947 3211 998 3240 vel
1021 3210 1149 3247 obiecti;
1174 3217 1209 3241 ut
1233 3210 1378 3250 superius
1397 3210 1415 3229 *

351 3258 545 3289 declaratum
560 3257 631 3288 fuit.
653 3256 695 3286 Et
717 3256 790 3286 licet
812 3262 985 3295 utrumque
1008 3253 1148 3295 perficiat
1170 3254 1348 3291 habentem,
1370 3254 1415 3284 di—

350 3302 528 3333 versimode
540 3308 656 3332 tamen.
675 3300 758 3338 Quia
767 3306 976 3339 augmentum
991 3298 1182 3329 intensivum
1195 3308 1251 3338 per
1263 3309 1296 3328 se
1309 3298 1413 3339 primo
1439 3318 1441 3330 ι

1439 3337 1441 3350 “
1467 3342 1633 3382 gratiorem
1658 3341 1746 3371 facit:
1772 3341 1944 3372 formaliter
1967 3342 2052 3372 enim
2071 3341 2310 3381 intelligendum
2325 3348 2370 3372 est
2386 3351 2460 3372 cum
2476 3342 2520 3372 di-

1439 3389 1441 3415 !
1467 3386 1546 3416 citur
1569 3386 1656 3426 quod
1680 3386 1777 3425 gratia
1799 3385 1893 3426 gratis
1916 3386 1988 3416 data
2010 3396 2076 3416 non
2099 3392 2223 3425 gratum
2246 3385 2329 3416 facit.

351 3346 514 3377 ordinatur
530 3346 570 3376 ad
586 3344 811 3385 perfectionem
828 3343 970 3374 habentis
984 3342 1017 3373 in
1033 3342 1154 3383 seipso:
1178 3352 1235 3382 per
1250 3341 1312 3373 hoc
1328 3342 1413 3373 enim

351 3390 441 3432 quod
462 3389 576 3431 aliquis
595 3388 694 3428 magis
711 3387 872 3428 cognoscit
887 3394 918 3418 et
936 3386 1036 3427 magis
1059 3397 1095 3417 ex
1114 3386 1184 3427 ipso
1201 3386 1258 3417 scit
1273 3386 1414 3427 regulare

351 3435 501 3475 seipsum,
527 3433 626 3473 magis
650 3433 719 3463 Deo
740 3432 857 3462 unitur.
883 3433 1102 3471 Augmentum
1125 3441 1200 3461 vero
1217 3431 1414 3461 extensivum

1464 2682 1503 2711 ad
1519 2681 1567 2712 sui
1587 2688 1618 2712 et
1637 2681 1773 2712 aliorum
1792 2681 1960 2712 utilitatem
1980 2681 2155 2711 ordinatur:
2180 2691 2236 2721 per
2254 2682 2315 2712 hoc
2335 2683 2420 2713 enim
2437 2685 2527 2724 quod

1464 2725 1577 2766 aliquis
1601 2726 1694 2766 plura
1725 2724 1888 2764 cognoscit
1915 2725 1954 2755 de
1977 2725 2046 2755 Deo
2070 2732 2100 2755 et
2123 2725 2294 2756 directione
2322 2734 2452 2758 actuum
2480 2736 2526 2758 se-

1465 2770 1607 2800 cundum
1622 2770 1727 2800 Deum
1749 2779 1847 2810 quam
1870 2779 1945 2799 suae
1966 2769 2076 2799 salutis
2099 2770 2264 2801 necessitas
2280 2770 2391 2810 poscit,
2414 2779 2444 2802 et
2459 2771 2526 2812 ipse

1465 2814 1605 2844 redditur
1620 2813 1732 2843 melius
1746 2812 1917 2853 dispositus
1932 2813 1965 2842 in
1981 2812 2095 2852 seipso,
2113 2820 2144 2844 et
2159 2813 2198 2844 ad
2213 2814 2292 2844 alios
2308 2814 2341 2844 in
2356 2814 2463 2846 Deum
2478 2825 2526 2846 re-

1467 2858 1647 2888 ducendum
1664 2857 1836 2887 ordinatur.
1862 2855 1948 2887 Cum
1963 2863 2069 2887 autem
2092 2857 2190 2897 gratia
2204 2865 2329 2897 gratum
2345 2858 2461 2889 faciens
2476 2869 2525 2890 or-

1466 2902 1591 2932 dinetur
1613 2901 1653 2931 ad
1676 2901 1830 2931 unionem
1845 2900 1988 2931 habentis
2012 2910 2081 2931 eam
2105 2911 2178 2932 cum
2201 2902 2282 2938 Deo,
2298 2902 2396 2942 gratia
2419 2910 2524 2934 autem

1466 2946 1560 2986 gratis
1593 2946 1663 2976 data
1685 2946 1726 2975 ad
1749 2944 1916 2975 utilitatem
1944 2944 2096 2981 aliorum;
2127 2955 2324 2987 consequens
2352 2953 2399 2977 est
2421 2954 2457 2978 ut
2479 2958 2526 2978 sa-

1466 2990 1601 3031 pientiae
1625 2995 1831 3028 augmentum
1855 2989 2059 3026 extensivum‚
2083 2999 2121 3020 ex
2143 3000 2179 3020 ea
2202 2998 2289 3030 parte
2308 3000 2372 3030 qua
2394 2991 2433 3021 ad
2449 2991 2526 3022 alio—

1466 3045 1538 3066 rum
1562 3034 1729 3064 utilitatem
1753 3033 1926 3069 ordinatur,
1949 3033 2030 3064 inter
2051 3033 2164 3074 gratias
2187 3034 2282 3074 gratis
2301 3035 2387 3065 datas
2411 3034 2464 3071 sit;
2490 3045 2526 3066 ex

1467 3089 1503 3110 ea
1525 3087 1599 3108 vero
1624 3085 1711 3118 parte
1734 3087 1798 3118 qua
1819 3077 1995 3108 bonitatem
2018 3077 2159 3108 habentis
2187 3077 2322 3118 perficit,
2348 3079 2386 3108 ad
2409 3079 2525 3118 gratiae

1466 3129 1591 3163 gratum
1615 3121 1755 3152 facientis
1779 3121 1858 3151 bene
1882 3131 1949 3151 esse
1973 3129 2101 3161 spectet.

1519 3167 1560 3196 Et
1583 3175 1638 3206 per
1653 3166 1729 3196 haec
1744 3172 1830 3205 patet
1853 3165 1970 3196 solutio
1986 3165 2194 3197 obiectorum.
2218 3167 2301 3196 Nam
2316 3174 2523 3205 augmentum

1465 3210 1658 3241 intensivum
1682 3209 1861 3249 sapientiae,
1883 3209 1921 3240 de
1937 3219 2003 3250 quo
2022 3210 2128 3249 regula
2156 3210 2244 3240 Sicut
2266 3210 2451 3250 simpliciter
2471 3221 2523 3240 ve-

1465 3253 1611 3291 rificatur,
1628 3254 1667 3283 ad
1683 3253 1814 3292 gratiam
1829 3261 1952 3293 gratum
1971 3253 2138 3284 facientem
2154 3260 2292 3294 spectare
2309 3254 2520 3285 concedimus.

1467 3299 1507 3328 Et
1531 3298 1721 3328 abundantia
1744 3298 1899 3327 extensiva
1915 3298 2095 3338 sapientiae,
2113 3304 2148 3328 ut
2170 3297 2223 3333 sic,
2241 3307 2306 3327 non
2325 3305 2449 3337 gratum
2464 3308 2521 3328 nec

1523 3430 1556 3459 In
1582 3430 1694 3460 ultimo
1719 3429 1849 3460 articulo
1874 3429 1951 3459 nihil
1975 3429 2108 3460 occurrit
2131 3429 2339 3460 scribendum.

2558 2113 2567 2121 ⁶
2582 2111 2655 2139 Epist.
2671 2111 2732 2133 v111.
