2892 4056
212 787 220 796 ·
231 785 277 812 Qu.
288 791 339 811 xiii,
348 788 390 806 art.
399 785 420 806 8.

219 2424 227 2432 '¹
243 2422 294 2444 Art.
310 2428 350 2450 seq
356 2437 362 2443 .

224 3114 235 3124 ⁸
252 3114 319 3136 Vers.
334 3120 354 3136 2.

449 187 496 212 22

449 265 547 290 mae.
597 253 773 290 Similiter
802 253 1023 289 articulum‘
1054 252 1312 300 conceptionis
1347 260 1382 289 et
1410 253 1498 290 nati-

447 306 569 343 vitatis
598 306 829 352 coniungunt
856 305 894 341 in
921 316 1054 341 unum.

502 361 559 394 AD
576 370 711 395 PRIMUM
726 369 823 394 ERGO
839 368 1021 394 mCENDUM
1038 356 1142 403 quod
1163 357 1279 393 multa
1297 369 1366 406 per
1383 358 1501 395 fidem

449 420 622 448 tenemus
642 411 688 448 de
709 411 792 447 Deo
813 422 910 457 quae
932 409 1089 446 naturali
1115 409 1258 446 ratione
1279 410 1502 458 investigare

448 462 667 512 philosophi
694 475 771 499 non
800 469 1023 510 potuerunt:
1053 468 1144 509 puta
1173 463 1271 498 circa
1299 463 1503 510 providen-

448 516 539 552 tiam
569 516 648 552 eius
677 523 712 551 et
740 514 1066 563 omnipotentiam,
1098 521 1133 550 et
1162 515 1266 562 quod
1294 515 1373 563 ipse
1402 516 1504 552 solus

449 568 493 604 sit
512 568 702 604 colendus.
735 568 843 615 Quae
860 567 990 603 omnia
1010 566 1248 604 continentur
1263 568 1333 604 sub
1349 568 1503 604 articulo

451 621 598 656 unitatis
627 620 710 656 Dei.

501 675 559 708 An
580 684 768 709 SECUNDUM
798 683 982 708 DICENDUM
1003 671 1107 719 quod
1135 672 1261 720 ipsum
1290 684 1433 709 nomen
1453 672 1504 709 di-

448 725 612 761 vinitatis
650 725 828 772 importat
861 724 1121 772 provisionem
1151 724 1361 773 quandam,
1400 733 1441 761 ut
1468 725 1504 761 in

449 777 578 814 Primo
617 777 730 813 Libro
750 776 770 798 *
805 777 945 813 dictum
984 784 1049 814 est.
1096 777 1267 814 Potentia
1303 785 1430 814 autem
1468 777 1505 814 in

449 830 674 866 habentibus
703 829 931 866 intellectum
960 842 1038 867 non
1067 838 1243 878 operatur
1271 830 1341 866 nisi
1374 843 1506 867 secun-

450 883 541 919 dum
570 883 807 919 voluntatem
837 890 872 919 et
901 883 1166 930 cognitionem.
1197 884 1245 919 Et
1273 883 1359 919 ideo
1386 883 1506 920 omni-

447 935 614 984 potentia
642 935 714 972 Dei
744 935 897 972 includit
926 935 1217 984 quodammodo
1238 935 1410 972 omnium
1439 936 1506 972 sci-

451 988 590 1025 entiam
617 995 652 1024 et
671 988 950 1037 providentiam
964 1002 981 1024 :.
1003 1000 1080 1025 non
1101 991 1202 1025 enim
1232 996 1361 1037 posset
1379 989 1505 1026 omnia

450 1053 547 1090 quae
576 1041 690 1078 vellet
717 1041 756 1078 in
783 1041 860 1078 istis
888 1041 1126 1078 inferioribus
1155 1053 1265 1089 agere
1285 1041 1355 1078 nisi
1382 1054 1425 1078 ea
1446 1054 1507 1078 co-

449 1101 647 1141 gnosceret
675 1101 710 1130 et
738 1106 871 1130 eorum
900 1094 1179 1143 providentiam
1207 1094 1374 1131 haberet.

502 1148 561 1183 An
575 1158 734 1184 TERTlUM
754 1158 937 1183 DICENDUM
954 1147 1058 1195 quod
1076 1146 1197 1183 Patris
1217 1155 1253 1183 et
1272 1146 1354 1183 Filii
1374 1154 1410 1183 et
1426 1147 1508 1195 Spi-

450 1199 540 1236 ritus
562 1199 688 1236 Sancti
707 1207 763 1236 est
776 1211 853 1236 una
873 1199 1035 1247 cognitio
1052 1207 1237 1247 quantum
1258 1199 1306 1236 ad
1325 1199 1505 1235 unitatem

452 1252 647 1299 essentiae,
673 1264 770 1300 quae
800 1252 959 1300 pertinet
978 1258 994 1273 χ
1023 1253 1072 1288 ad
1100 1252 1267 1300 primum
1296 1251 1506 1287 articulum.

451 1306 646 1352 Quantum
660 1317 753 1341 vero
769 1305 816 1341 ad
833 1304 1109 1342 distinctionem
1126 1305 1395 1350 Personarum,
1409 1315 1507 1353 quae

452 1365 506 1394 est
533 1369 601 1406 per
630 1357 830 1394 relationes
859 1356 1028 1404 originis,
1058 1356 1349 1405 quodammodo
1378 1356 1416 1393 in
1446 1369 1507 1393 co-

451 1410 616 1458 gnitione
641 1411 760 1447 Patris
783 1410 984 1447 includitur
1003 1409 1165 1456 cognitio
1192 1409 1286 1457 Filii,
1308 1421 1387 1446 non
1407 1409 1507 1446 enim

452 1470 550 1500 esset
567 1464 680 1499 Pater
706 1462 736 1499 si
756 1462 894 1499 Filium
910 1475 988 1499 non
1007 1463 1181 1499 haberet:
1203 1474 1366 1511 quorum
1391 1474 1509 1499 nexus

453 1524 507 1553 est
537 1515 694 1564 Spiritus
724 1516 895 1552 Sanctus.
944 1516 992 1552 Et
1020 1523 1205 1563 quantum
1234 1515 1282 1552 ad
1310 1515 1385 1551 hoc
1412 1515 1509 1552 bene

452 1569 546 1606 moti
575 1576 661 1605 sunt
690 1568 754 1616 qui
781 1576 991 1617 posuerunt
1019 1581 1140 1605 unum
1169 1568 1368 1604 articulum
1397 1567 1509 1605 trium

452 1623 719 1658 Personarum.
770 1621 846 1658 Sed
875 1621 964 1669 quia
993 1621 1089 1658 circa
1123 1620 1286 1669 singulas
1325 1622 1511 1658 Personas

453 1682 539 1712 sunt
566 1674 692 1723 aliqua
720 1674 948 1711 attendenda
978 1674 1075 1711 circa
1095 1686 1194 1722 quae
1223 1673 1402 1721 contingit
1430 1686 1511 1710 esse

455 1739 634 1773 errorem,
657 1735 841 1774 quantum
861 1726 909 1764 ad
928 1728 1003 1764 hoc
1023 1726 1070 1764 de
1089 1727 1207 1763 tribus
1227 1726 1406 1763 Personis
1424 1739 1512 1775 pos-

453 1788 539 1817 sunt
558 1780 648 1829 poni
668 1787 742 1816 tres
758 1779 913 1817 articuli.
934 1779 1046 1816 Arius
1066 1779 1168 1816 enim
1185 1779 1343 1816 credidit
1361 1780 1512 1816 Patrem

454 1833 755 1882 omnipotentem
787 1841 821 1869 et
841 1839 1049 1879 aeternum,
1080 1832 1147 1869 sed
1175 1844 1254 1869 non
1274 1831 1431 1869 credidit
1455 1833 1513 1869 Fi—

1161 175 1426 220 QUAESTIO
1457 177 1489 222 I,
1520 176 1814 212 ARTICULUS
1846 177 1895 211 IX

1556 253 1643 289 ideo
1664 252 1918 289 necessarium
1943 252 2010 289 fuit
2030 265 2222 301 apponere
2243 254 2437 291 articulum
2462 254 2510 291 de
2529 267 2613 303 per-

1557 317 1652 341 sona
1687 304 1768 341 Filii
1797 305 1846 341 ad
1865 303 1877 326 λ
1906 306 1980 341 hoc
2008 305 2351 343 determinandum.
2400 308 2448 343 Et
2476 308 2612 344 eadem

1558 357 1700 394 ratione
1730 364 1859 393 contra
1892 357 2163 394 Macedonium
2191 370 2347 396 necesse
2375 359 2443 396 fuit
2469 371 2613 408 ponere

1558 410 1755 446 articulum
1783 409 1934 446 tertium
1964 410 2009 447 de
2037 422 2201 458 persona
2229 411 2388 459 Spiritus
2417 411 2556 449 Sancti.

1612 463 1660 499 Et
1680 462 1847 499 similiter
1866 463 1978 500 etiam
2000 462 2197 511 conceptio
2218 463 2354 500 Christi
2375 472 2410 501 et
2428 464 2613 510 nativitas,

1559 522 1595 550 et
1625 515 1737 551 etiam
1775 516 1994 552 resurrectio
2032 524 2068 552 et
2095 515 2172 552 vita
2199 523 2370 563 aeterna,
2404 516 2615 553 secundum

1559 579 1676 604 unam
1713 567 1896 604 rationem
1932 576 2091 616 possunt
2129 569 2401 616 comprehendi
2437 569 2508 606 sub
2536 581 2614 605 uno

1560 620 1728 666 articulo,
1758 620 1982 669 inquantum
2011 621 2059 658 ad
2086 633 2207 657 unum
2236 621 2475 658 ordinantur:
2506 629 2542 658 et
2561 633 2616 658 se-

1561 671 1728 709 cundum
1749 672 1861 709 aliam
1877 674 2061 710 rationem
2080 681 2239 722 possunt
2259 673 2443 720 distingui,
2459 674 2617 722 inquan-

1560 733 1640 762 tum
1668 737 1840 763 seorsum
1868 727 2009 763 habent
2037 726 2218 775 speciales
2249 725 2496 763 difficultates.

1614 779 1672 814 AD
1701 790 1872 820 QUARTUM
1905 791 2088 816 mcaNDUM
2123 779 2228 827 quod
2270 778 2364 815 Filio
2401 786 2436 814 et
2464 778 2616 827 Spiritui

1562 831 1701 867 Sancto
1731 831 1909 868 convenit
1937 832 2031 869 mitti
2059 833 2106 869 ad
2135 831 2445 868 sanctificandam
2476 838 2618 868 creatu-

1561 895 1654 931 ram,
1684 883 1780 920 circa
1808 885 1912 932 quod
1940 886 2048 933 plura
2067 891 2084 912 μ
2114 884 2303 921 credenda
2331 891 2543 920 occurrunt.
2570 884 2619 920 Et

1561 936 1648 973 ideo
1678 936 1775 973 circa
1793 949 1997 985 personam
2027 937 2109 974 Filii
2138 945 2173 974 et
2203 937 2362 985 Spiritus
2383 936 2509 973 Sancti
2535 936 2619 985 plu-

1562 1001 1621 1026 res
1647 989 1787 1026 articuli
1813 990 2104 1038 multiplicantur
2133 1002 2248 1038 quam
2281 989 2378 1026 circa
2413 1000 2619 1039 personam

1561 1042 1693 1089 Patris,
1732 1042 1795 1090 qui
1822 1047 1834 1063 v
1855 1054 2051 1091 nunquam
2090 1043 2270 1090 mittitur,
2290 1050 2331 1079 ut
2363 1042 2401 1079 in
2439 1042 2570 1079 Primo
2598 1041 2619 1063 '¹‘

1563 1094 1704 1131 dictum
1734 1102 1800 1131 est.

1615 1149 1673 1183 An
1695 1159 1856 1189 QUINTUM
1875 1159 2060 1184 DICENDUM
2079 1148 2184 1195 quod
2210 1147 2456 1184 sanctificatio
2477 1154 2621 1184 creatu—

1562 1211 1626 1235 rae
1653 1211 1723 1247 per
1749 1200 1906 1246 gratiam
1936 1207 1972 1236 et
1999 1199 2279 1236 consummatio
2309 1212 2375 1248 per
2394 1200 2552 1247 gloriam
2579 1199 2623 1236 fit

1563 1251 1677 1288 etiam
1719 1263 1786 1299 per
1823 1251 1968 1288 donum
2010 1252 2181 1298 caritatis,
2211 1253 2317 1300 quod
2359 1252 2623 1301 appropriatur

1563 1303 1717 1352 Spiritui
1747 1304 1898 1350 Sancto,
1929 1312 1964 1340 et
1990 1315 2059 1352 per
2087 1304 2232 1341 donum
2260 1303 2483 1353 sapientiae,
2517 1305 2622 1353 quod

1563 1356 1828 1406 appropriatur
1842 1356 1948 1393 Filio.
1966 1357 2015 1394 Et
2029 1356 2116 1394 ideo
2130 1363 2336 1405 utrumque
2352 1364 2450 1406 op'us
2464 1357 2625 1405 pertinet

1565 1417 1600 1446 et
1638 1409 1686 1446 ad
1716 1409 1853 1446 Filium
1882 1417 1919 1446 et
1946 1409 1994 1446 ad
2023 1409 2204 1458 Spiritum
2243 1410 2426 1447 Sanctum
2463 1421 2532 1458 per
2559 1420 2624 1459 ap-

1563 1462 1862 1511 propriationem
1891 1463 2103 1499 secundum
2133 1462 2296 1499 rationes
2326 1463 2505 1500 diversas.

1567 1533 1569 1535 ·
1618 1517 1676 1551 An
1704 1523 1844 1552 SEXTUM
1873 1527 2057 1553 DlCENDUM
2089 1516 2195 1564 quod
2223 1515 2262 1552 in
2281 1522 2520 1553 sacramento
2547 1515 2624 1552 Eu—

1565 1568 1761 1605 charistiae
1781 1569 1857 1605 duo
1877 1576 2037 1617 possunt
2062 1568 2306 1606 considerari.
2337 1569 2467 1606 Unum
2487 1566 2626 1605 scilicet

1565 1621 1671 1669 quod
1709 1629 1988 1658 sacramentum
2019 1628 2092 1658 est:
2137 1630 2173 1658 et
2199 1622 2275 1658 hoc
2310 1622 2426 1658 habet
2461 1620 2624 1659 eandem

1565 1674 1752 1710 rationem
1770 1686 1858 1711 cum
1878 1674 1957 1711 aliis
1973 1674 2169 1711 effectibus
2188 1674 2328 1722 gratiae
2347 1673 2624 1711 sanctificantis.

1565 1726 1679 1764 Aliud
1700 1734 1755 1763 est
1776 1727 1880 1776 quod
1906 1727 2131 1764 miraculose
2150 1727 2201 1764 ibi
2222 1740 2360 1777 corpus
2381 1726 2518 1764 Christi
2537 1738 2626 1764 con—

1566 1779 1718 1816 tinetur:
1750 1787 1785 1816 et
1804 1780 1857 1816 sic
1881 1780 2116 1818 concluditur
2135 1781 2205 1817 sub
2225 1780 2512 1829 omnipotentia,
2533 1780 2628 1817 sicut

1569 1840 1604 1869 et
1632 1832 1762 1870 omnia
1790 1833 1862 1869 alia
1889 1834 2090 1880 miracula,
2121 1845 2219 1882 quae
2247 1833 2548 1882 omnipotentiae
2576 1838 2628 1870 at*-

454 1886 545 1923 lium
583 1886 828 1935 coaequalem
867 1893 903 1922 et
931 1885 1291 1922 consubstantialem
1319 1885 1440 1922 Patri:
1479 1893 1514 1922 et
1540 1875 1544 1928 Ι
1567 1885 1794 1922 tribuuntur.

509 2026 527 2058 ι)
546 2026 699 2051 articulum.
716 2039 734 2044 -
752 2025 880 2050 articulos
899 2026 930 2051 D.

508 2061 533 2093 κ)
548 2061 676 2093 pertinet.
693 2074 712 2080 -
725 2061 862 2092 pertinent
881 2061 909 2086 P.

507 2095 535 2129 λ)
555 2097 600 2122 ad.
619 2110 636 2116 -
655 2099 681 2121 et
699 2097 774 2127 ABF,
793 2099 818 2121 et
836 2097 873 2120 ad
891 2096 942 2126 Hx,
962 2098 987 2120 et
1006 2099 1134 2128 quantum
1154 2097 1191 2120 ad
1210 2096 1256 2128 pC.

1627 2026 1655 2060 μ)
1670 2027 1762 2058 plura.
1779 2040 1798 2045 —
1812 2026 1933 2058 plurima
1951 2027 1980 2052 P.

1626 2061 1649 2094 ν)
1669 2062 1723 2094 qui.
1739 2076 1758 2082 —
1776 2062 1839 2094 quia
1858 2062 1904 2094 pC,
1924 2070 1992 2095 quae
2011 2062 2057 2087 Pa.

1130 2165 1461 2198 Commentaria
1482 2165 1732 2199 Cardinalis
1753 2167 1953 2199 Caietani

461 2255 507 2318 IN
531 2245 665 2276 articulo
690 2251 802 2276 octavo
827 2245 952 2275 adverte
969 2245 1057 2285 quod
1073 2246 1203 2280 Auctor,
1229 2244 1377 2275 articulos
1395 2243 1468 2274 fidei
1483 2255 1518 2275 ex

489 2296 578 2329 parte
601 2289 646 2319 rei
670 2289 803 2319 creditae
827 2289 1060 2319 enumerandos
1089 2288 1255 2324 arbitrans,
1284 2288 1517 2319 distinctionem

456 2333 544 2363 illam
567 2333 723 2363 famosam
746 2332 832 2363 iuxta
855 2343 1026 2363 numerum
1046 2332 1280 2373 Apostolorum
1296 2333 1516 2373 praetermisit:

458 2387 494 2407 ea
517 2377 638 2407 ratione
668 2377 744 2417 quia
773 2376 885 2408 accidit
908 2376 1044 2408 articulis
1068 2376 1141 2407 fidei
1165 2377 1314 2417 quod'ab
1339 2387 1405 2407 uno
1428 2377 1478 2407 vel
1502 2388 1518 2406 a

458 2421 601 2462 pluribus
624 2421 695 2451 sint.
719 2420 760 2451 Et
775 2420 878 2451 simile
893 2421 1032 2451 invenies
1055 2421 1185 2451 inferius
1200 2421 1217 2440 *
1241 2421 1278 2451 de
1301 2422 1439 2462 symboli
1462 2431 1516 2451 no>

458 2465 553 2501 mine,
576 2465 666 2506 quod
689 2474 754 2495 non
778 2476 796 2495 a
819 2465 1053 2505 colligentium,
1083 2466 1136 2495 sed
1161 2465 1367 2495 collectorum
1391 2465 1517 2505 plurali-

459 2516 520 2540 tate
545 2509 701 2545 definitur,
719 2509 829 2539 eadem
844 2509 979 2540 ratione:
1003 2509 1078 2550 quia
1098 2509 1212 2540 scilicet
1237 2510 1348 2540 accidit
1370 2510 1518 2550 symbolo

1572 2245 1733 2284 pluralitas
1757 2245 1982 2286 colligentium.
2008 2246 2042 2276 In
2063 2246 2153 2277 cuius
2177 2246 2314 2287 signum,
2332 2246 2522 2279 Athanasius
2545 2247 2632 2279 solus

1571 2289 1757 2330 symbolum
1779 2290 1915 2330 collegit.
2603 2329 2605 2331 Ι

1627 2334 1662 2363 In
1686 2333 1799 2364 eodem
1823 2341 1936 2365 octavo
1960 2334 2108 2371 articulo,
2132 2334 2165 2365 in
2187 2334 2395 2375 responsione
2417 2335 2457 2365 ad
2480 2334 2632 2375 primum,

1571 2378 1723 2418 perspice,
1747 2385 1781 2408 tu
1805 2378 1860 2418 qui
1885 2388 2015 2408 omnem
2034 2378 2190 2409 rationem
2206 2386 2299 2420 putas
2319 2378 2632 2416 demonstrationem,

1571 2422 1660 2462 quod
1682 2424 1803 2452 Auctor
1827 2422 1877 2453 hic
1901 2422 2033 2462 explicat
2056 2423 2144 2463 quod
2168 2422 2352 2464 philosophi
2374 2433 2441 2454 non
2459 2428 2634 2464 potuerunt

1571 2466 1704 2496 naturali
1728 2466 1848 2496 ratione
1871 2466 2057 2506 investigare
2080 2468 2169 2508 quod
2191 2468 2279 2498 solus
2302 2467 2389 2498 Deus
2412 2467 2452 2498 sit
2470 2467 2632 2503 colendus,

1571 2516 1602 2540 et
1624 2519 1706 2550 quae
1731 2511 1769 2540 de
1793 2509 1990 2550 providentia
2013 2521 2048 2541 ac
2072 2511 2305 2551 omnipotentia
2327 2511 2394 2543 eius
2417 2519 2575 2543 tenemus.

2594 2563 2615 2575 X

1274 2652 1589 2694 ARTICULUS
1621 2652 1822 2695 NONUS

826 2744 980 2775 UTRUM
1005 2743 1344 2775 CONVENIENTER
1367 2743 1572 2774 Amicum
1595 2723 1707 2774 Finai
1734 2743 1776 2773 IN
1799 2743 2002 2775 SYMBOLO
2027 2744 2267 2776 PONANTUR

1248 2823 1278 2847 ΙΙΙ
1298 2823 1380 2851 Sent„
1401 2823 1459 2848 dist.
1477 2830 1533 2852 xxv,
1553 2830 1597 2855 qu.
1616 2830 1632 2852 ι,
1652 2827 1699 2847 art.
1717 2830 1733 2851 i.
1754 2823 1802 2855 qu'*
1825 2822 1847 2847 3.

523 2917 553 2957 ἢν
579 2924 647 2966 fii<
671 2913 694 2940 ι’)
723 2915 849 2941 NONUM
877 2916 930 2940 Sic
959 2915 1197 2941 PROCEDtTUR.
1227 2904 1386 2950 Videtur
1413 2903 1517 2953 quod

493 2915 520 2945 ,f

487 2946 981 3013 &inconvenienter
1010 2956 1152 2993 articuli
1174 2957 1264 2994 fidei
1284 2957 1320 2993 in
1341 2957 1516 3005 symbolo

478 3006 515 3063 '15'
519 2996 642 3085 &⁷3ss
672 3017 873 3058 ponantur.
904 3010 1019 3046 Sacra
1049 3009 1150 3046 enirn
1172 3009 1363 3059 Scriptura
1388 3016 1443 3046 est
1462 3021 1517 3046 re-

519 3074 529 3085 *
552 3053 616 3093 735)
631 3050 758 3109 gula
785 3061 889 3109 fidei,
919 3062 978 3098 cui
1006 3074 1077 3098 nec
1105 3062 1244 3099 addere
1277 3074 1348 3099 nec
1376 3062 1519 3098 subtra-

463 3114 552 3150 here
581 3112 685 3150 licet:
717 3114 848 3151 dicitur
877 3114 978 3151 enim
1007 3116 1116 3151 Deut.
1148 3127 1182 3152 ιν
1201 3115 1360 3152 *ε’Νονι
1381 3115 1520 3152 addetis

463 3167 514 3204 ad
530 3166 686 3203 verbum
714 3167 814 3215 quod
839 3167 943 3204 vobis
963 3167 1106 3216 loquor,
1133 3179 1251 3216 neque
1277 3168 1453 3216 auferetis
1471 3169 1519 3204 ab

464 3231 518 3255 eo.
549 3219 651 3266 Ergo
680 3219 846 3256 illicitum
874 3219 940 3256 fuit
965 3220 1116 3269 aliquod
1147 3226 1163 3242 α
1188 3220 1405 3269 symbolum
1433 3233 1521 3257 con-

465 3272 614 3308 stituere
652 3272 759 3321 quasi
795 3273 964 3320 regulam
994 3273 1102 3320 fidei,
1131 3281 1218 3322 post
1246 3285 1392 3310 sacram
1422 3273 1518 3310 Scri-

464 3332 614 3373 pturarn
645 3325 798 3362 editam.

519 3466 545 3497 α)
564 3465 682 3497 aliquod.
699 3479 718 3484 -—
734 3464 810 3490 aliud
829 3466 874 3490 Pa.

1626 2915 1660 2940 2.
1677 2904 1908 2950 PRAETEREA,
1919 2904 2013 2941 sicut
2022 2905 2230 2953 Apostolus
2246 2905 2345 2952 dicit,
2357 2906 2408 2942 ad
2415 2906 2550 2955 Ephes.
2560 2906 2634 2955 iv*,
2663 2915 2672 2924 ·

1572 2968 1647 2993 una
1667 2962 1720 2993 est
1735 2957 1846 3004 fides.
1879 2957 1955 2994 Sed
1983 2958 2203 3006 symbolum
2233 2966 2289 2996 est
2316 2959 2503 3008 professio
2527 2954 2631 3017 fidei.

1571 3009 1673 3057 Ergo
1689 3009 2000 3047 inconvenienter
2015 3010 2172 3049 traditur
2190 3011 2386 3060 multiplex
2402 3011 2632 3060 symbolum.

1628 3063 1662 3099 3.
1691 3062 1924 3110 PRAETEREA,
1953 3063 2141 3101 confessio
2161 3063 2252 3101 fidei
2281 3076 2380 3113 quae
2399 3064 2438 3102 in
2457 3063 2634 3113 symbolo

1573 3114 1785 3152 continetur
1812 3115 1972 3163 pertinet
2010 3116 2058 3154 ad
2096 3129 2231 3154 omnes
2265 3117 2410 3155 fideles.
2450 3117 2528 3156 Sed
2555 3129 2634 3161 non

1573 3168 1751 3205 omnibus
1787 3168 1963 3206 fidelibus
2001 3170 2180 3208 convenit
2217 3170 2371 3208 credere
2413 3171 2450 3208 in
2487 3171 2633 3216 Deum,

1573 3220 1640 3257 sed
1660 3221 1784 3257 solum
1805 3221 1872 3258 illis
1892 3221 1956 3270 qui
1980 3222 2122 3260 habent
2146 3223 2264 3260 fidem
2285 3223 2499 3261 formatam.
2530 3223 2632 3272 Ergo

1573 3273 1883 3311 inconvenienter
1911 3276 2131 3323 symbolum
2160 3276 2251 3313 fidei
2279 3276 2436 3314 traditur
2463 3276 2534 3313 sub
2562 3277 2635 3313 hac

1266 3346 1268 3348 -
1574 3326 1697 3363 forma
1721 3327 1949 3364 verborum:
1985 3329 2105 3366 Credo
2135 3328 2171 3366 in
2202 3341 2317 3366 unum
2345 3330 2481 3366 Deum.
2527 3344 2529 3346 ·

2648 1075 2856 1103 'Qu.mu,m.4.

2687 2913 2753 2935 Vm.
2768 2919 2788 2942 5.
