2892 4056
185 734 195 744 ⁸
210 735 259 755 Art.
275 741 297 759 4.

186 783 195 793 ⁸
210 782 266 809 Cap.
283 788 343 803 xxix.

184 1900 191 1907 '
207 1897 273 1919 Vers.
289 1897 310 1918 ὁ.

184 2327 192 2335 ·
208 2327 258 2348 Art.
274 2334 297 2352 4,
313 2332 359 2353 arg.
377 2333 394 2352 ις

182 2357 224 2374 art.
239 2359 258 2381 5.

185 2751 333 2779 ‘1011⁵⁶,qu.
346 2757 396 2774 ιιιι,

185 2782 227 2799 art.
242 2785 262 2806 3.

186 2806 195 2814 ⁸
210 2804 243 2826 Ca
262 2820 267 2826 .
282 2811 303 2829 v,
320 2811 342 2826 n.
358 2811 373 2825 1.
387 2816 396 2820 -

185 2811 263 2852 SJK.
280 2832 331 2853 lect.
347 2838 368 2852 v.

432 167 502 203 192

1096 156 1362 201 QUAESTIO
1391 156 1533 203 XXIV,
1562 155 1856 192 ARTICULUS
1885 157 1920 191 X

1214 255 1529 297 ARTICULUS
1550 252 1808 295 'DECIMUS

1146 338 1302 368 UTRUM
1326 337 1511 369 CAR1TAs
1535 337 1681 367 possm
1706 336 1873 367 DIMINUI

1030 407 1034 411 '
1062 407 1069 430 l
1090 406 1173 436 Sent„
1193 407 1252 432 dist.
1270 415 1329 438 xvu,
1350 415 1393 440 qu.
1412 415 1439 438 11,
1459 412 1505 432 art.
1526 406 1555 436 5;
1576 407 1618 431 De
1635 406 1722 436 Malo,
1742 414 1787 438 qu.
1806 413 1849 437 vn,
1869 410 1916 431 art.
1936 413 1961 431 2.

465 491 512 526 ἃ
544 491 612 532 a«
637 480 658 504 D
678 479 839 504 DECIMUM
863 479 915 503 sm
939 478 1179 504 PROCEDi'rUR.
1200 467 1359 504 Videtur
1378 468 1483 515 quod

457 511 624 584 μᾶῐῖιὲ
637 519 769 556 caritas
798 520 916 567 possit
945 520 1118 556 diminui.
1156 521 1355 557 Contraria
1384 520 1484 557 enim

442 576 465 630 t*
480 588 562 651 ἐς
582 578 604 620 (2
636 580 723 608 nata
752 580 837 609 sunt
866 572 948 608 fieri
987 573 1084 609 circa
1116 573 1229 610 idem.
1270 573 1346 610 Sed
1376 573 1484 610 dimi-

481 639 491 651 ἱ
512 647 519 650 e

592 617 741 661 &nutio
780 633 816 661 et
854 633 1102 673 augmentum
1124 631 1140 647 ‘²
1162 633 1249 662 sunt
1286 626 1482 662 contraria.

458 483 518 512 2⁸,

425 677 525 713 Cum
554 676 663 723 igitur
692 677 824 714 caritas
854 686 1053 726 augeatur,
1092 686 1133 714 ut
1168 679 1310 715 dictum
1341 686 1396 715 est
1424 691 1485 716 su·
1510 691 1512 702 ⁴

422 741 491 777 pra
511 728 541 775 ²¹⁸,
572 729 722 767 videtur
750 730 854 779 quod
884 731 996 768 etiam
1026 731 1146 780 possit
1174 731 1345 768 diminui.

478 793 512 817 2.
543 782 786 830 PRAETEREA,
820 784 1074 831 Augustinus,
1103 785 1138 820 X
1172 785 1338 832 Confess.
1367 784 1407 831 ³¹²,
1437 784 1485 821 ad

422 835 550 870 Deum
570 835 745 883 loquens,
763 836 870 873 dicit:
890 837 1024 874 Minus
1039 843 1073 874 te
1086 843 1192 874 amat
1204 837 1271 885 qui
1283 843 1402 874 tecum
1418 837 1486 874 ali-

421 887 512 934 quid
529 894 644 925 amat.
675 890 724 926 Et
751 889 789 926 in
815 889 910 926 libro
936 891 1133 940 Octoginta
1161 891 1274 927 trium
1299 891 1447 933 Quaest.
1466 890 1486 911 ’¹‘

423 939 511 976 dicit
536 941 641 988 quod
662 943 930 979 nutrimentum
950 945 1117 981 caritatis
1135 949 1189 980 est
1210 944 1405 981 diminutio
1424 956 1486 981 cu-

415 992 605 1040 piditatis:
635 1007 680 1031 ex
709 1008 786 1044 quo
805 996 958 1033 videtur
979 997 1082 1045 quod
1113 996 1226 1033 etiam
1256 1009 1276 1033 e
1297 1009 1485 1034 converso

422 1054 672 1092 augmentum
701 1047 715 1077 β
745 1049 956 1097 cupiditatis
993 1050 1040 1086 sit
1076 1049 1277 1087 diminutio
1312 1050 1485 1087 caritatis.

423 1098 500 1136 Sed
530 1100 735 1148 cupiditas,
774 1114 849 1150 qua
888 1110 1037 1139 amatur
1064 1103 1206 1151 aliquid
1239 1103 1341 1140 aliud
1361 1109 1486 1151 'quarn

422 1153 550 1199 Deus,
578 1161 704 1202 potest
732 1154 770 1190 in
804 1155 961 1192 homine
992 1168 1172 1192 crescere.
1213 1156 1314 1202 Ergo
1354 1156 1487 1192 caritas

421 1213 549 1254 potest
577 1206 748 1244 diminui.

477 1259 511 1295 3.
527 1260 762 1307 PRAETEREA,
785 1260 881 1297 sicut
893 1261 1128 1308 Augustinus
1150 1260 1248 1306 dicit,
1270 1260 1356 1296 VIII
1376 1272 1489 1309 super

425 1311 517 1348 Gen.
539 1313 591 1349 ad
615 1313 681 1350 litt.
702 1313 741 1359 *,
771 1325 846 1350 non
883 1314 933 1350 ita
960 1314 1064 1350 Deus
1092 1319 1271 1361 operatur
1297 1314 1486 1350 hominem

421 1364 558 1401 iustum
583 1366 818 1414 iustificando
838 1378 936 1412 eum,
958 1372 1007 1414 ut,
1027 1366 1062 1403 si
1087 1367 1315 1412 abscesserit,
1336 1373 1490 1404 maneat

420 1418 458 1453 in
478 1419 630 1455 absente
649 1420 750 1467 quod
764 1420 864 1468 fecit
879 1424 911 1455 Y:
934 1431 979 1456 ex
999 1431 1077 1467 quo
1098 1427 1222 1469 potest
1243 1419 1362 1468 accipi
1381 1420 1486 1468 quod

422 1471 562 1508 eodem
582 1472 702 1509 modo
731 1474 838 1510 Deus
858 1481 1038 1521 operatur
1057 1473 1094 1509 in
1115 1473 1271 1510 homine
1292 1473 1486 1510 caritatem

422 1524 503 1561 eius
533 1527 820 1572 conservando,
860 1538 938 1574 quo
967 1533 1147 1575 operatur
1173 1526 1300 1575 prit'no
1330 1526 1364 1563 ei
1393 1527 1487 1563 cari-

420 1585 538 1614 tatem
568 1578 818 1616 infundendo.
850 1579 927 1616 Sed
956 1579 995 1615 in
1013 1577 1027 1600 ⁶
1046 1579 1171 1628 prima
1201 1579 1363 1616 caritatis
1392 1580 1487 1616 infu-

422 1630 528 1668 sione
558 1632 685 1669 minus
714 1645 753 1669 se
782 1631 1023 1681 praeparanti
1051 1633 1156 1669 Deus
1181 1632 1370 1669 minorem
1396 1632 1487 1669 cari-

420 1691 538 1720 tatem
568 1685 742 1723 infundit.
774 1686 877 1733 Ergo
907 1685 1021 1721 etiam
1042 1685 1080 1722 in
1110 1685 1401 1722 conservatione
1427 1699 1487 1725 ca-

422 1737 538 1774 ritatis
567 1739 694 1775 minus
728 1751 767 1774 se
802 1738 1042 1787 praeparanti
1071 1739 1261 1775 minorem
1292 1739 1485 1776 caritatem

422 1799 636 1828 conservat.
666 1793 797 1828 Potest
826 1803 914 1838 ergo
944 1790 1076 1827 caritas
1107 1791 1278 1828 diminui.

476 1844 551 1880 SED
572 1856 718 1882 CONTRA
739 1856 805 1881 EST
833 1844 939 1893 quod
968 1844 1101 1880 caritas
1130 1844 1168 1880 in
1198 1844 1391 1893 Scriptura
1411 1844 1487 1892 igni

423 1906 690 1945 comparatur:
729 1898 941 1935 secundum
970 1896 1061 1934 illud
1095 1898 1201 1935 Cant.
1222 1909 1282 1933 vin
1303 1897 1342 1934 *z
1372 1898 1488 1934 Lam-

416 1950 536 1998 pades
555 1951 653 1996 eius,
683 1951 822 1987 scilicet
851 1950 1026 1997 caritatis,
1046 1950 1239 1998 lampades
1258 1951 1357 2000 ignis
1375 1956 1487 1998 atque

411 2004 680 2051 flammarum.
712 2005 789 2041 Sed
819 2003 926 2051 ignis,
956 2003 1126 2051 quandiu
1155 2011 1303 2050 manet,
1333 2016 1488 2052 semper

422 2057 603 2093 ascendit.
633 2059 737 2105 Ergo
762 2057 908 2104 caritas,
929 2056 1098 2105 quandiu
1119 2063 1259 2103 manet,
1281 2057 1487 2094 ascendere

421 2117 562 2158 potest;
584 2110 652 2147 sed
673 2110 918 2157 descendere,
940 2110 1035 2147 idest
1060 2109 1230 2155 diminui,
1251 2122 1329 2146 non
1349 2118 1486 2158 potest.

476 2164 703 2200 Responmzo
736 2174 921 2200 D1CENDUM
959 2163 1064 2210 quod
1103 2163 1290 2211 quantitas
1328 2163 1487 2201 caritatis

423 2227 540 2265 quarn
569 2216 685 2253 habet
712 2216 750 2253 in
779 2216 1064 2264 comparatione
1092 2216 1141 2252 ad
1175 2216 1366 2253 obiectum
1400 2229 1487 2265 pro-

422 2269 570 2318 prium,
611 2270 730 2307 minui
759 2282 837 2307 non
865 2277 1010 2318 potest,
1045 2269 1141 2305 sicut
1169 2281 1240 2305 nec
1268 2269 1417 2316 augeri,
1446 2277 1488 2307 ut

423 2334 540 2371 supra
558 2323 578 2345 '¹‘
599 2323 740 2360 dictum
770 2331 838 2359 est.
869 2322 945 2359 Sed
966 2332 1052 2359 cum
1073 2329 1256 2369 augeatur
1275 2323 1487 2359 secundum

424 2376 672 2425 quantitatem
702 2387 819 2424 quam
848 2376 962 2412 habet
989 2387 1058 2424 per
1087 2375 1413 2423 comparationem
1439 2377 1486 2413 ad

424 2428 651 2476 subiectum,
672 2429 734 2466 hic
753 2435 904 2478 oportet
932 2427 1174 2465 considerare
1202 2436 1329 2465 utrum
1351 2440 1396 2465 ex
1416 2429 1488 2465 hac

422 2491 530 2531 parte
550 2481 710 2520 diminui
739 2482 871 2530 possit.
903 2481 942 2518 Si
962 2489 1089 2518 autem
1111 2481 1353 2528 diminuatur,
1375 2493 1488 2530 opor-

423 2543 474 2572 tet
493 2537 597 2584 quod
616 2536 678 2572 vel
700 2535 933 2572 diminuatur
960 2546 1029 2583 per
1057 2533 1221 2582 aliquem
1251 2542 1396 2580 actum;
1425 2536 1487 2571 vel

423 2599 492 2637 per
519 2589 642 2626 solam
673 2588 922 2629 cessationem
943 2588 992 2624 ab
1013 2595 1110 2624 actu.
1140 2588 1214 2624 Per
1234 2587 1486 2625 cessationem

424 2642 580 2691 quidem
608 2643 655 2679 ab
677 2648 762 2678 actu
792 2641 1054 2678 diminuuntur
1081 2641 1239 2677 virtutes
1269 2653 1313 2677 ex
1343 2641 1487 2678 actibus

423 2695 641 2744 acquisitae,
665 2703 700 2731 et
728 2695 961 2744 quandoque
982 2694 1095 2730 etiam
1117 2700 1422 2742 corrumpuntur,
1447 2702 1488 2730 ut

424 2761 540 2796 supra
560 2750 579 2770 *
601 2749 742 2785 dictum
764 2756 834 2785 est:
857 2748 959 2784 unde
980 2747 1027 2784 de
1047 2746 1211 2783 amicitia
1231 2747 1488 2795 Philosophus

425 2802 523 2845 dicit,
554 2802 591 2838 in
619 2800 706 2839 VIII
735 2802 854 2838 Ethic.
875 2801 907 2848 ²¹⁶,
937 2799 1041 2849 quod
1071 2800 1207 2836 multas
1230 2799 1414 2837 amicitias
1433 2800 1487 2836 in-

424 2855 622 2904 appellatio
650 2855 769 2900 solvit,
790 2855 886 2892 idest
915 2866 993 2891 non
1022 2854 1213 2901 appellare
1233 2853 1400 2891 amicum
1426 2854 1487 2890 vel

425 2920 503 2945 non
532 2907 698 2957 colloqui
728 2908 773 2945 ei.
809 2906 886 2945 Sed
915 2907 988 2944 hoc
1017 2906 1104 2943 ideo
1135 2914 1190 2943 est
1218 2907 1306 2955 quia
1335 2919 1487 2943 conser-

424 2960 528 2998 vatio
557 2961 854 3010 uniuscuiusque
883 2961 937 2997 rei
966 2959 1159 3008 dependet
1187 2970 1231 2996 ex
1260 2972 1328 2996 sua
1357 2971 1487 3005 causa;

426 3026 540 3051 causa
569 3022 695 3051 autem
724 3014 871 3051 virtutis
905 3013 1108 3062 acquisitae
1138 3021 1194 3049 est
1221 3020 1325 3049 actus
1353 3013 1489 3050 huma-

425 3078 517 3113 nus3
551 3068 673 3113 unde,
709 3067 942 3104 cessantibus
970 3065 1147 3103 humanis
1177 3065 1341 3112 actibus,
1371 3066 1488 3103 virtus

426 3119 607 3169 acquisita
632 3119 852 3157 diminuitur
880 3128 915 3156 et
943 3119 1098 3157 tandem
1127 3117 1290 3156 totaliter
1318 3131 1488 3156 corrum-

425 3173 535 3222 pitur.
567 3173 643 3210 Sed
663 3174 737 3209 hoc
757 3173 793 3209 in
814 3173 965 3210 caritate
986 3173 1115 3210 locum
1141 3184 1218 3209 non
1238 3172 1369 3209 habet:
1400 3172 1488 3221 quia

479 3288 506 3319 α)
526 3287 668 3312 diminutio
686 3290 713 3312 et
730 3290 910 3320 augmentum.
929 3301 947 3305 -
964 3290 1134 3320 augmentum
1161 3290 1187 3311 et
1205 3286 1346 3311 diminutio
1365 3287 1402 3316 Α,
1420 3293 1487 3319 aug-

427 3323 555 3348 mentatio
574 3326 600 3347 et
619 3322 760 3347 diminutio
781 3323 826 3347 Ρα.

480 3356 505 3390 β)
524 3361 706 3391 augmentum.·
724 3370 742 3377 -
760 3357 831 3390 quod
849 3360 1021 3390 augmentum
1042 3355 1282 3382 ABCDEFHIKrm.

479 3393 505 3425 γ)
517 3393 594 3426 fecit.
612 3393 714 3426 -facit
733 3393 780 3418 PR.

480 3427 505 3459 ὃ)
526 3428 561 3453 in.
579 3442 597 3446 -
616 3429 678 3453 Om.
698 3427 931 3453 ABCEFGHKLK.

481 3466 502 3495 ε)
522 3464 564 3488 ab.
581 3478 599 3482 -
618 3471 655 3488 ex
673 3464 737 3488 DIL.

1517 3426 1521 3494 l

1537 466 1670 503 caritas
1691 479 1768 503 non
1789 474 1964 503 causatur
1984 468 2031 503 ab
2051 472 2063 488 ²
2086 467 2263 505 humanis
2283 469 2440 517 actibus,
2457 470 2524 507 sed
2539 482 2599 506 so-

1536 521 1617 556 lum
1646 532 1668 556 a
1695 520 1798 567 Deo,
1826 527 1868 556 ut
1895 532 2010 569 supra
2029 519 2049 541 '¹‘
2069 519 2213 557 dictum
2243 529 2309 559 est.
2347 522 2459 560 Unde
2489 523 2599 559 relin-

1538 573 1663 621 quitur
1682 572 1787 621 quod
1812 572 1926 610 etiam
1952 580 2122 610 cessante
2143 580 2240 620 acm,
2260 582 2415 623 propter
2434 576 2509 612 hoc
2528 587 2600 612 nec
2628 583 2636 592 ·

1539 625 1760 663 diminuitur
1779 637 1850 662 nec
1875 626 2139 675 corrumpitur,
2160 626 2191 663 si
2219 627 2313 664 desit
2340 636 2540 676 peccatum
2561 628 2599 664 in

1538 679 1619 727 ipsa
1649 678 1871 715 cessatione.

1591 731 1832 781 Relinquitur
1860 744 1949 780 ergo
1971 732 2076 780 quod
2105 731 2303 771 diminutio
2334 731 2495 769 caritatis
2523 745 2602 770 non

1538 784 1658 834 possit
1686 785 1830 821 causari
1858 785 1928 822 nisi
1956 786 2018 822 vel
2037 798 2059 822 a
2079 787 2177 832 Deo,
2197 786 2259 822 vel
2289 785 2336 821 ab
2357 785 2483 834 aliquo
2512 797 2602 834 pec·

1540 845 1636 875 cato.
1666 839 1700 874 A
1729 839 1813 875 Deo
1842 838 2000 887 quidem
2029 851 2108 875 non
2138 845 2314 875 causatur
2341 837 2475 886 aliquis
2501 838 2603 875 defe-

1540 899 1621 928 ctus
1640 891 1678 928 in
1691 891 1834 928 nobis*
1853 891 1922 928 nisi
1941 904 2010 940 per
2028 891 2191 928 modum
2210 902 2373 940 poenae,
2389 891 2603 928 secundum

1539 944 1644 993 quod
1664 945 1848 981 subtrahit
1876 945 2034 993 gratiam
2055 945 2092 981 in
2111 956 2280 993 poenam
2306 943 2463 993 peccati.
2492 944 2603 981 Unde

1539 1010 1610 1034 nec
1631 997 1665 1034 ei
1685 997 1866 1047 competit
1891 997 2104 1035 diminuere
2125 997 2315 1034 caritatem
2336 997 2407 1034 nisi
2433 1008 2503 1045 per
2521 1008 2604 1033 mo-

1540 1051 1632 1087 dum
1652 1063 1814 1099 poenae.
1844 1051 1976 1087 Poena
1995 1059 2124 1088 autem
2146 1051 2306 1088 debetur
2323 1057 2495 1099 peccato.
2525 1049 2604 1087 Un-

1541 1103 1588 1140 de
1616 1103 1839 1151 relinquitur
1864 1103 1984 1151 quod,
2010 1103 2040 1140 si
2069 1103 2203 1140 caritas
2233 1103 2478 1150 diminuatur,
2497 1103 2604 1151 quod

1540 1167 1654 1192 causa
1674 1155 1935 1192 diminutionis
1956 1155 2036 1192 eius
2055 1156 2101 1192 sit
2119 1163 2331 1204 peccatum,
2348 1157 2411 1194 vel
2430 1155 2604 1193 effective

1537 1209 1600 1244 vel
1639 1208 1843 1245 meritorie.
1888 1209 2038 1244 Neutro
2076 1216 2204 1245 autem
2243 1209 2363 1246 modo
2399 1215 2602 1258 peccatum

1539 1262 1699 1298 mortale
1720 1260 1895 1298 diminuit
1923 1260 2128 1308 caritatem,
2157 1262 2224 1299 sed
2251 1261 2416 1298 totaliter
2433 1273 2604 1298 corrum-

1539 1314 1593 1362 pit
1612 1314 1753 1363 ipsam:
1775 1321 1811 1350 et
1829 1314 2016 1361 effective,
2038 1314 2126 1363 quia
2147 1326 2263 1351 omne
2282 1321 2483 1363 peccatum
2503 1325 2606 1350 mor-

1539 1368 1611 1405 tale
1650 1367 1900 1404 contrariatur
1937 1366 2099 1414 caritati,
2137 1375 2178 1404 ut
2210 1367 2306 1404 infra
2325 1367 2345 1389 ’⁸'
2372 1367 2539 1413 dicetur;
2570 1373 2606 1403 et

1539 1421 1653 1458 etiam
1689 1421 1897 1468 meritorie,
1928 1420 2017 1468 quia
2055 1421 2119 1470 qui
2156 1421 2354 1470 peccando
2397 1419 2607 1457 mortaliter

1539 1474 1681 1523 aliquid
1701 1481 1833 1511 contra
1853 1473 2071 1510 caritatem<
2085 1474 2172 1522 agit,
2189 1474 2345 1522 dignum
2365 1481 2421 1510 est
2438 1480 2481 1510 ut
2499 1474 2605 1510 Deus

1539 1528 1573 1564 ei
1602 1527 1799 1564 subtrahat
1827 1527 2034 1564 caritatem.

1593 1581 1772 1617 Similiter
1793 1580 1908 1617 etiam
1923 1592 1994 1616 nec
2009 1591 2077 1628 per
2090 1587 2291 1627 peccatum
2305 1579 2455 1616 veniale
2472 1578 2606 1615 caritas

1540 1633 1700 1670 diminui
1719 1640 1864 1682 potest:
1895 1645 2020 1682 neque
2042 1632 2228 1680 effective,
2250 1644 2378 1680 neque
2397 1630 2603 1669 meritorie.

1539 1687 1724 1723 Effective
1753 1686 1911 1734 quidem
1940 1698 2031 1733 non,
2062 1685 2151 1734 quia
2180 1687 2227 1723 ad
2256 1686 2379 1734 ipsam
2408 1685 2605 1722 caritatem

1540 1752 1619 1776 non
1635 1739 1789 1786 attingit.
1808 1739 1954 1775 Caritas
1974 1739 2077 1775 enim
2095 1746 2150 1775 est
2165 1739 2264 1776 circa
2278 1739 2398 1776 finem
2414 1738 2605 1775 ultimum:

1539 1792 1688 1829 veniale
1708 1799 1838 1828 autem
1858 1799 2059 1840 peccatum
2080 1799 2136 1828 est
2155 1792 2349 1840 quaedam
2374 1790 2606 1828 inordinatio

1541 1846 1639 1882 circa
1669 1857 1713 1882 ea
1742 1857 1840 1893 quae
1870 1852 1958 1881 sunt
1986 1845 2036 1882 ad
2063 1845 2195 1882 finem.
2225 1846 2317 1882 Non
2346 1853 2475 1882 autem
2496 1843 2608 1882 dimi-

1540 1899 1667 1935 nuitur
1687 1910 1798 1935 amor
1824 1897 1910 1935 finis
1940 1909 1984 1934 ex
2012 1898 2088 1935 hoc
2116 1898 2222 1947 quod
2251 1898 2386 1946 aliquis
2415 1897 2608 1935 inordina⁴

1539 1952 1685 1989 tionem
1715 1952 1881 1999 aliquam
1911 1951 2113 1988 committit
2132 1957 2150 1978 η
2172 1951 2270 1988 circa
2299 1963 2345 1988 ea
2381 1963 2484 2000 quae
2520 1957 2608 1988 sunt

1541 2005 1590 2042 ad
1618 2005 1758 2042 finem:
1788 2004 1883 2041 sicut
1912 2004 2116 2052 aliquando
2147 2004 2329 2052 contingit
2355 2004 2462 2054 quod
2491 2003 2607 2052 aliqui

1540 2058 1703 2104 infirmi,
1737 2058 1902 2094 multum
1931 2065 2103 2094 amantes
2131 2058 2353 2105 sanitatem,
2392 2057 2606 2095 inordinate

1540 2119 1669 2148 tamen
1699 2123 1739 2148 se
1771 2111 1914 2147 habent
1951 2110 2050 2147 circa
2085 2110 2232 2148 diaetae
2270 2110 2604 2156 observationem3

1541 2165 1636 2202 sicut
1651 2164 1764 2201 etiam
1783 2171 1818 2200 et
1832 2164 1871 2201 in
1887 2163 2126 2212 speculativis
2137 2161 2149 2185 ⁰
2159 2164 2275 2201 falsae
2289 2164 2491 2213 opiniones
2507 2163 2606 2200 circa

1541 2230 1586 2254 ea
1606 2229 1704 2266 quae
1725 2217 1966 2254 deducuntur
1990 2228 2034 2253 ex
2059 2216 2263 2265 principiis,
2285 2229 2363 2254 non
2389 2216 2608 2254 diminuunt

1542 2270 1804 2308 certitudinem
1822 2269 2328 2318 principiorum.-Similiter
2347 2270 2461 2307 etiarn
2475 2269 2606 2306 venia⁴

1540 2325 1575 2360 le
1595 2331 1797 2372 peccatum
1822 2335 1901 2359 non
1926 2330 2093 2359 meretur
2113 2322 2405 2360 diminutionem
2433 2321 2606 2359 caritatis.

1542 2377 1642 2413 Cum
1672 2376 1773 2413 enim
1803 2376 1936 2424 aliquis
1966 2375 2151 2423 delinquit
2177 2376 2215 2412 in
2244 2375 2396 2423 minori,
2419 2387 2498 2413 non
2526 2386 2607 2412 rne-

1542 2437 1643 2467 retur
1664 2429 1932 2466 detrimentum
1954 2428 2031 2477 pati
2051 2428 2089 2465 in
2109 2428 2257 2466 maiori.
2278 2430 2384 2466 Deus
2405 2428 2506 2465 enim
2527 2440 2607 2466 non

1539 2483 1625 2532 plus
1647 2494 1687 2519 se
1708 2481 1843 2519 avertit
1862 2482 1911 2518 ab
1930 2481 2088 2518 homine
2109 2494 2225 2531 quarn
2244 2482 2364 2519 homo
2385 2494 2425 2518 se
2445 2480 2583 2518 avertit
2596 2486 2606 2503 ⁸

1541 2536 1589 2572 ab
1620 2535 1716 2584 ipso.
1745 2535 1857 2572 Unde
1886 2535 1951 2583 qui
1980 2535 2193 2572 inordinate
2221 2547 2261 2571 se
2289 2535 2406 2572 habet
2434 2534 2532 2571 circa
2561 2545 2607 2571 ea

1541 2601 1641 2637 quae
1670 2595 1757 2625 sunt
1785 2588 1832 2625 ad
1860 2588 2002 2635 finem,
2032 2600 2110 2625 non
2139 2594 2307 2625 meretur
2334 2587 2606 2625 detrimentum

1540 2642 1617 2691 pati
1645 2642 1685 2678 in·
1713 2641 1876 2688 caritate,
1896 2653 1965 2689 per
1993 2653 2110 2689 quam
2140 2641 2336 2678 ordinatur
2361 2640 2409 2678 ad
2429 2640 2605 2677 ultimum

1541 2696 1674 2732 finem.

1593 2747 1705 2784 Unde
1726 2758 1965 2795 consequens
1986 2753 2043 2782 est
2070 2745 2175 2794 quod
2205 2746 2339 2782 caritas
2359 2746 2464 2782 nullo
2485 2746 2604 2782 modo

1542 2799 1700 2838 diminui
1719 2799 1850 2848 possit,
1867 2799 2007 2836 directe
2027 2799 2233 2848 loquendo.
2255 2800 2384 2836 Potest
2403 2806 2532 2835 tamen
2550 2797 2606 2835 in·

2653 583 2702 604 Art.
2717 589 2736 604 2.

2631 898 2640 907 ⁸
2655 898 2682 918 D·
2697 902 2744 925 435-

2633 1369 2706 1391 ·Arta
2722 1375 2751 1391 12.

1543 2853 1682 2891 directe
1711 2851 1783 2889 dici
1811 2852 2013 2889 diminutio
2044 2851 2206 2889 caritatis
2228 2851 2426 2900 dispositio
2455 2851 2503 2888 ad
2523 2861 2606 2888 cor·
2632 2883 2634 2885 ,

1543 2906 1757 2956 ruptionem
1782 2905 1919 2954 ipsius:
1950 2916 2048 2954 quae
2066 2905 2110 2942 fit
2131 2906 2193 2942 vel
2213 2917 2281 2954 per
2300 2911 2456 2954 peccata
2473 2903 2605 2941 venia-

1542 2960 1609 3006 lia;
1639 2959 1700 2996 vel
1731 2958 1843 2995 etiam
1864 2971 1932 3007 per
1960 2957 2212 2995 cessationem
2233 2958 2281 2994 ab
2311 2957 2484 2994 exercitio
2514 2968 2606 3007 ope·

1544 3025 1629 3050 rum
1659 3011 1833 3049 caritatis.

1595 3067 1654 3103 AD
1679 3076 1816 3102 ramum
1840 3076 1938 3101 ERGO
1962 3075 2148 3101 mmmmm
2176 3063 2282 3113 quod
2310 3062 2499 3100 contraria
2517 3066 2607 3099 sunt

1544 3119 1641 3156 circa
1660 3118 1763 3155 idern
1789 3117 1943 3166 quando
1969 3117 2182 3154 subiectum
2209 3116 2415 3165 aequaliter
2435 3126 2475 3152 se
2490 3115 2608 3152 habet

1542 3173 1589 3209 ad
1618 3179 1823 3220 utrumque
1853 3170 2141 3207 contrariorum.
2172 3169 2250 3206 Sed
2278 3169 2411 3206 caritas
2440 3180 2518 3205 non
2538 3177 2606 3204 eo-

1593 3285 1618 3318 ζ)
1638 3285 1786 3310 caritatem.
1796 3284 1997 3316 -capacitatem
2011 3283 2223 3316 ABEFHpCKx;
2240 3282 2275 3307 al.
2290 3282 2430 3307 caritatem
2444 3288 2534 3314 max-go
2546 3280 2578 3306 E.
2587 3294 2606 3299 —

1543 3322 1593 3345 Pro
1612 3320 1731 3353 dignum,
1750 3319 1848 3352 dignus
1867 3319 1900 3345 G.

1596 3355 1624 3387 η)
1642 3355 1792 3380 committit.
1810 3368 1828 3373 —
1847 3354 1947 3379 omittit
1963 3353 2127 3386 ADEFleC
2146 3358 2172 3378 et
2189 3361 2208 3378 x
2226 3353 2270 3385 qui
2287 3353 2389 3377 videtur
2407 3351 2507 3384 corrigi,
2525 3350 2605 3376 amit-

1544 3391 1578 3416 tit
1596 3391 1629 3421 1³3
1649 3391 1737 3415 Non...
1755 3390 1887 3422 adfinem
1906 3396 1960 3414 om.
1979 3389 2011 3414 G.

1599 3424 1622 3458 θ)
1641 3426 1819 3458 speculativis.
1836 3438 1855 3444 -
1871 3425 1987 3450 scientiis
2007 3425 2104 3449 addunt
2122 3423 2169 3448 Pa.

1600 3462 1618 3493 ι)
1638 3469 1665 3486 se
1683 3461 1789 3486 avertit.
1807 3474 1826 3479 -
1843 3467 1870 3485 se
1884 3463 1990 3485 avertat
2008 3459 2143 3490 AEFHIK,
2156 3459 2255 3484 avertit
2272 3465 2301 3483 se
2313 3458 2355 3482 ed.
2372 3465 2397 3487 a,
2417 3459 2523 3482 avertar
2535 3462 2563 3482 se
2575 3456 2605 3481 P.
