2892 4056
985 140 1251 217 QUAEsTlo
1280 170 1439 217 XXX11,
1468 170 1763 207 ARTICULUS
1792 171 1827 206 X
2414 171 2485 206 261

317 250 428 286 boves
454 259 542 284 suos
569 247 712 293 occidit,
742 253 778 284 et
797 248 906 296 pavit
925 259 1112 296 pauperes
1140 260 1189 284 ex
1207 259 1251 284 eo
1280 247 1380 295 quod
1434 247 1564 283 stibus.
1577 248 1686 284 Unde
1708 255 1742 284 et
1752 247 1978 284 Ambrosius
1993 246 2093 294 dicit‚
2104 246 2142 283 in
2157 246 2252 283 libro
2267 247 2312 283 de
2331 246 2437 294 Offic.
2453 246 2488 283 *ε

315 301 455 346 habuit,
486 306 527 337 ut
552 300 655 337 nulla
684 312 777 337 cura
805 301 1006 337 domestica
1034 306 1231 337 teneretur.
1438 300 1718 337 Consideranda
1738 306 1792 337 est
1821 301 1858 337 in
1878 300 2074 350 largiendo
2103 305 2206 336 aetas
2233 305 2344 347 atque
2366 299 2490 335 debili-

367 355 426 390 An
454 364 615 390 TERTmM
643 365 829 391 mcENDuu
848 353 953 403 quod
981 353 1184 390 auctoritas
1211 353 1380 399 inducta,
1431 358 1499 390 tas.
1533 353 1822 401 Nonnunquam
1849 354 1960 390 etiam
1987 353 2233 398 verecundia,
2263 363 2359 400 quae
2387 352 2490 401 inge-

176 406 190 439 β
315 413 501 454 quantum
529 405 577 442 ad
605 406 680 442 hoc
709 406 814 455 quod
843 406 942 453 dicit,
970 405 1062 443 Non
1083 411 1123 442 ut
1139 405 1207 442 alii
1219 403 1234 435 β
1253 405 1300 442 sit
1321 416 1377 440 re·
1432 417 1526 442 nuos
1547 406 1676 453 prodit
1694 405 1846 442 natales.
1874 407 1953 442 Aut
1967 405 2002 442 si
2018 406 2099 454 quis
2118 417 2167 442 ex
2194 405 2328 442 divitiis
2347 404 2384 440 in
2405 416 2491 453 ege-

313 459 438 496 missio
475 459 538 494 vel
566 458 821 506 refrigerium,
864 458 1031 507 loquitur
1063 458 1111 495 de
1146 457 1378 496 abundantia
1430 464 1561 495 statem
1593 459 1724 495 cecidit
1754 459 1834 495 sine
1850 459 1938 495 vitio
1956 471 2036 495 suo.
2052 479 2076 486 -
2098 459 2295 505 Quantum
2323 469 2417 494 vero
2442 457 2490 493 ad

314 511 582 559 eleemosynae
613 523 711 559 quae
739 510 1002 560 superexcedit
1030 511 1292 548 necessitatem
1321 522 1378 547 re·
1430 511 1469 548 id
1498 511 1601 559 quod
1630 511 1817 558 subditur,
1846 512 1950 548 vohis
1976 517 2101 548 autem
2133 511 2342 556 tribulatio,
2371 509 2491 558 loqui-

314 563 496 612 cipienfis,
527 565 586 600 cui
614 577 694 601 non
719 572 774 602 est
802 564 928 601 danda
949 564 1194 611 eleemosyna
1220 571 1262 600 ut
1288 563 1377 600 inde
1430 571 1490 600 tur
1527 563 1575 600 de
1608 564 1841 601 abundantia
1878 576 1923 601 ex
1958 571 2064 613 parte
2103 564 2238 601 dantis.
2278 562 2366 609 Sed,
2396 563 2491 599 sicut

173 619 190 645 's
311 617 520 653 luxurietur
533 622 561 664 Υ,
591 617 659 654 sed
686 625 727 654 ut
753 616 842 654 inde
862 623 1101 653 sustentetur.
1132 617 1243 653 Circa
1271 615 1377 664 quod
1431 617 1570 654 Glossa
1588 616 1608 637 '¹‘
1635 615 1715 653 ibi⁶
1744 617 1844 664 dicit,
1874 629 1948 654 non
1976 618 2047 654 hoc
2074 617 2155 653 ideo
2183 617 2273 653 dicit
2298 617 2386 664 quin
2415 627 2490 652 me-

311 676 442 706 tamen
471 677 526 706 est
554 669 731 707 discretio
769 668 987 706 adhibenda
1014 676 1171 717 propter
1207 670 1377 706 diversas
1430 670 1500 706 lius
1519 675 1621 715 esset,
1651 669 1790 706 scilicet
1810 670 2048 706 abundanter
2076 670 2177 707 dare.
2219 669 2293 706 Sed
2315 669 2361 705 de
2387 669 2490 717 infir-

312 722 552 759 conditiones
571 723 788 770 hominum,
804 733 971 769 quorum
997 721 1167 769 quidam,
1185 721 1378 758 delicatio·
1430 723 1501 758 mis
1528 722 1640 767 timet,
1661 734 1753 770 quos
1779 723 1832 759 sic
1859 723 1951 759 dare
1969 729 2096 759 monet
2121 728 2162 759 ut
2187 727 2387 772 egestatem
2415 733 2489 758 non

312 775 416 812 ribus
436 774 574 824 nutriti,
594 775 763 823 indigent
783 773 906 822 magis
928 774 1096 811 delicatis
1117 774 1209 811 cibis
1229 782 1295 812 aut
1311 787 1377 812 ve·
1426 775 1635 822 patiantur.

365 905 391 940 β)
410 906 466 931 a11'1'.
484 919 503 926 -·
519 906 581 934 aliis
599 905 699 935 PIan,
717 905 800 930 alteri
818 903 851 929 G.
1402 906 1404 969 κ
1484 904 1508 937 ὃ)
1529 905 1572 930 ibi.
1590 918 1609 923 -
1627 904 1722 929 ibidem
1742 904 1832 929 PGxa.

362 941 391 975 γ)
409 940 576 967 luxurietur.
593 953 613 960 -
629 940 754 965 luxuriet
771 939 869 964 ABEF.

985 1016 1317 1051 Commenta-ria
1339 1017 1590 1050 Cardinalis
1613 1017 1814 1050 Caietam

340 1107 360 1128 Ν
383 1096 518 1128 articulo
542 1097 668 1127 decimo
694 1096 830 1127 dubium
853 1096 1004 1133 occurrit,
1029 1097 1111 1127 circa
1136 1097 1218 1127 illud
1247 1097 1376 1133 scilicet,
1426 1096 1595 1133 laudabile,
1619 1097 1674 1127 sed
1697 1096 1906 1137 vituperabile
1929 1103 1960 1127 et
1978 1103 2159 1136 peccatum:
2186 1096 2261 1137 quia
2284 1103 2371 1127 actus
2395 1097 2490 1127 dandi

313 1109 429 1182 Iquod
457 1141 536 1171 dare
560 1141 794 1181 eleemosynam
818 1141 918 1171 alicui
940 1145 976 1171 ut
996 1141 1234 1181 superabundet
1256 1141 1299 1171 ad
1320 1150 1374 1171 su·
1426 1141 1664 1182 eleemosynam
1686 1141 1788 1172 tendit
1811 1141 1850 1171 ad
1873 1140 1971 1171 finem
1994 1140 2189 1176 indebitum;
2213 1140 2284 1170 finis
2308 1141 2392 1170 enirn
2417 1151 2490 1180 pro-

302 1185 524 1226 perfluitatem
556 1194 619 1215 non
650 1189 698 1215 est
725 1184 902 1222 laudabile,
932 1185 989 1215 sed
1010 1185 1124 1215 melius
1154 1190 1203 1216 est
1223 1185 1376 1225 pluribus
1425 1185 1515 1225 prius
1537 1185 1605 1216 eius
1628 1185 1796 1216 subventio
1821 1191 1876 1222 est,
1897 1195 1964 1215 non
1980 1184 2190 1224 superfluitas.
2226 1185 2383 1221 Secundo,
2401 1186 2489 1225 quod

309 1228 475 1270 egentibus
496 1229 645 1270 elargiri,
676 1238 715 1259 an
744 1229 819 1259 dare
847 1228 891 1259 sic
913 1229 1111 1259 abundanter
1138 1229 1177 1259 sit
1199 1235 1375 1268 peccatum.
1425 1229 1626 1269 superfluitas
1650 1236 1696 1260 est
1719 1229 1845 1266 credita,
1869 1236 1905 1260 ut
1928 1236 1958 1260 et
1980 1229 2047 1269 ipse
2070 1229 2183 1259 habeat
2206 1229 2290 1258 unde
2313 1228 2381 1258 aliis
2396 1229 2489 1259 bene-

308 1272 428 1304 Littera
452 1272 537 1313 enim
561 1272 638 1303 dicit
659 1273 750 1313 quod
772 1282 838 1303 non
862 1279 910 1303 est
930 1273 1103 1303 laudabile:
1129 1280 1160 1303 et
1177 1280 1284 1304 tamen
1304 1274 1377 1304 sub·
1425 1273 1532 1304 faciat:
1557 1281 1594 1304 ut
1616 1273 1771 1313 contingit
1792 1273 1824 1303 in
1848 1273 1899 1303 his
1918 1273 1975 1314 qui
1998 1273 2137 1304 ecclesiis
2153 1273 2422 1303 abundantissime
2445 1273 2490 1303 le—

271 1342 282 1345 „
305 1315 502 1357 iungitfsed
523 1317 638 1347 melius
660 1321 716 1347 est.
741 1317 777 1347 In
800 1316 917 1357 quibus
943 1317 1046 1347 verbis
1067 1317 1192 1348 videtur
1219 1317 1374 1348 contradi·
1424 1325 1549 1357 garunt.
1565 1318 1615 1354 Et
1633 1318 1678 1348 sic
1701 1328 1767 1348 non
1791 1324 1838 1349 est
1861 1324 2038 1359 peccatum,
2063 1327 2121 1347 nec
2145 1324 2192 1347 est
2213 1317 2354 1347 multum
2381 1317 2489 1347 lauda-

309 1360 383 1392 ctio.
406 1360 481 1398 Qua
495 1360 528 1401 ly
551 1361 666 1391 melius
689 1367 892 1401 comparatur
914 1361 955 1390 ad
975 1361 1113 1391 bonum:
1138 1371 1174 1391 ac
1189 1371 1246 1401 per
1259 1361 1332 1398 hoc,
1348 1361 1374 1392 si
1425 1361 1501 1398 bile;
1526 1362 1581 1392 sed
1598 1362 1711 1392 melius
1735 1369 1781 1393 est
1804 1362 1948 1401 pluribus
1962 1361 2176 1401 indigentibus
2200 1360 2379 1391 subvenire:
2405 1367 2441 1391 ut
2455 1361 2489 1391 in

308 1404 387 1449 dare
401 1403 551 1445 pluribus
574 1411 622 1436 est
643 1404 768 1441 melius,
785 1405 859 1435 dare
875 1405 932 1436 uni
947 1405 992 1436 sic
1015 1405 1072 1435 erit
1094 1405 1228 1442 bonum,
1245 1412 1276 1436 et
1298 1415 1374 1436 con·
1422 1406 1525 1437 littera
1547 1405 1672 1442 dicitur,
1695 1412 1726 1435 et
1748 1406 1938 1446 experientia
1955 1406 1988 1436 in
2008 1405 2194 1437 huiusmodi
2217 1405 2333 1436 divitiis
2347 1405 2490 1436 ecclesia-

308 1454 478 1492 eqquenter
496 1448 666 1482 laudabile.
689 1448 731 1479 Et
753 1448 780 1479 si
802 1458 868 1479 non
892 1455 939 1479 est
961 1448 1130 1485 laudabile,
1156 1459 1222 1480 non
1246 1456 1292 1481 est
1316 1450 1373 1480 bo·
1425 1460 1498 1480 rum
1520 1450 1607 1480 testis
1628 1450 1772 1490 locuples
1795 1457 1851 1481 est.
1875 1450 2070 1492 perspiciens
2093 1459 2167 1490 ergo
2190 1452 2312 1480 Auctor
2333 1449 2424 1489 quod
2445 1449 2489 1480 sic

307 1494 403 1539 nuni:
428 1498 459 1524 et
481 1491 713 1535 c'onsequenter
736 1492 810 1522 dare
828 1492 973 1533 pluribus
995 1503 1062 1524 non
1086 1491 1144 1523 erit
1167 1493 1282 1524 melius
1305 1493 1374 1532 illo,
1424 1494 1623 1524 abundanter
1653 1494 1725 1524 dare
1748 1500 1804 1524 aut
1822 1504 1888 1524 non
1918 1501 1965 1524 est
1986 1494 2145 1525 laudabile
2173 1493 2247 1534 quia
2270 1493 2412 1531 malum,
2434 1499 2490 1523 aut

100 1523 178 1562 {13
214 1552 216 1554 v
308 1536 372 1568 nisi
393 1535 476 1568 sieut
497 1536 551 1567 nix
573 1542 621 1567 est
642 1535 744 1566 albior
766 1545 873 1567 corvo.
1424 1537 1500 1578 quia
1522 1538 1630 1567 minus
1652 1537 1787 1574 bonum,
1804 1537 1880 1568 dixit
1902 1545 2094 1578 utrumque:
2111 1544 2142 1568 et
2157 1537 2246 1578 quod
2269 1546 2336 1567 non
2351 1542 2399 1568 est
2419 1536 2488 1567 lau-

76 1578 161 1615 ⁹²'43,„„
363 1578 419 1611 Aa
437 1580 502 1611 hoc
523 1579 637 1611 dii-‚itur
651 1580 743 1621 quod
763 1580 837 1611 dare
852 1580 1090 1622 eleemosynam
1105 1580 1199 1611 alicui
1215 1580 1260 1611 sic
1275 1581 1374 1611 abun·
1424 1581 1545 1618 dabile;
1570 1587 1600 1612 et
1623 1582 1713 1622 quod
1736 1581 1809 1612 dare
1833 1581 1976 1622 pluribus
2000 1589 2047 1612 est
2069 1581 2193 1618 melius,
2218 1581 2352 1621 quando
2371 1580 2490 1611 seilicet

304 1624 479 1660 mint
498 1624 614 1657 habeat
634 1623 844 1665 superfluum,
868 1624 1042 1665 contingit,
1065 1635 1125 1666 pro
1148 1634 1246 1662 nunc,
1269 1625 1372 1666 dupli·
1423 1626 1503 1656 illud
1527 1632 1575 1656 est
1595 1626 1731 1657 bonum.
1754 1626 1850 1656 Nulla
1871 1636 1947 1666 ergo
1970 1625 2178 1666 repugnantia
2201 1631 2257 1656 est.

251 1704 254 1706 ,
307 1668 398 1714 αρτ.
416 1668 539 1710 Brimo,
561 1669 652 1712 quod
673 1668 876 1710 superfluitas
897 1669 1090 1702 intendatur.
1114 1670 1156 1700 Et
1169 1669 1214 1701 sic
1237 1679 1302 1700 non
1327 1676 1374 1701 est

67 2764 70 2768 .
95 2753 119 2768 Ῐὶε
145 2755 183 2767 ¹1¹7
186 2753 239 2768 JJJJ

2517 251 2530 262 ⁸
2543 251 2599 273 Loc.
2614 252 2652 274 cit.

2518 621 2528 632 ⁸
2543 621 2626 643 Lomb.
2647 626 2668 643 et
2690 623 2728 644 In-

2517 648 2592 669 teu-lin.
